% IN HIS NAME
% Bibliography data
% Mohammad Ghebleh

f@preamble{ "\newcommand{\noopsort}[1]{} "
        # "\newcommand{\printfirst}[2]{#1} "
        # "\newcommand{\singleletter}[1]{#1} "
        # "\newcommand{\switchargs}[2]{#2#1} " }

@ARTICLE{hall,
   author = {Hall, Marshal},
   title = {Distinct representatives of subsets},
   journal = {Bull. Amer. Math. Soc.},
   year = 1948,
   volume = "{54}",
   number = "",
   pages = "922--926",
   month = "",
   note = "",
}

@INPROCEEDINGS{alon,
   author = "Alon, Noga",
   title = "Restricted colorings of graphs",
   editor = "Walker, Kate",
   booktitle = "Surveys in combinatorics",
   number = "{187}",
   series = "London Math. Soc. LNS",
   pages = "1--33",
   month = "",
   year = 1993,
   address = "",
   organization = "",
   publisher = "",
   note = "",
}

@INPROCEEDINGS{erdos,
   author = {Erd\"os, Paul and Rubin, A. L. and Taylor, H.},
   title = "Choosability in graphs",
   editor = "",
   booktitle = "Proceedings, West Coast Conference on Combinatorics,
        Graph Theory, and Computing",
   number = "{26}",
   series = "Congr. Numer.",
   pages = "125--157",
   month = "",
   year = 1979,
   address = "Arcata, CA",
   organization = "",
   publisher = "",
   note = "",
}

@INPROCEEDINGS{tabriz,
   author = {Mahmoodian, Ebadollah S. and Mahdian, Mohammad},
   title = "On the uniquely list colorable graphs",
   editor = "",
   booktitle = "Proceedings of the 28th Annual Iranian Mathematics
        Conference, Part 1",
   number = "{377}",
   series = "Tabriz Univ. Ser.",
   pages = "319--326",
   month = "",
   year = 1997,
   address = "Tabriz",
   organization = "",
   publisher = "",
   note = "",
}

@ARTICLE{mahmah,
   author = {Mahdian, Mohammad and Mahmoodian, Ebadollah S.},
   title = {A characterization of uniquely {\rm 2}--list colorable graphs},
   journal = {Ars Combin.},
   year = "1999",
   volume = "{51}",
   number = "",
   pages = "295--305",
   month = "",
   note = "",
}

@ARTICLE{keedwell,
   author = {Keedwell, A. D.},
   title = {Critical sets for latin squares, graphs,
        and block designs: A survey},
   journal = {Congr. Numer.},
   year = 1996,
   volume = "{113}",
   number = "",
   pages = "231--245",
   month = "",
   note = "",
}

@ARTICLE{mnz,
   author = {Mahmoodian, Ebadollah S. and Naserasr, Reza and Zaker, Manoochehr},
   title = {Defining sets of vertex coloring of graphs and latin rectangles},
   journal = {Discrete Math.},
   year = 1997,
   volume = "{167}/{168}",
   number = "",
   pages = "451--460",
   month = "",
   note = "",
}

@INPROCEEDINGS{vizing,
   author = {Vizing, V. G.},
   title = {Coloring the vertices of a graph in prescribed colors},
   editor = "",
   booktitle = "Diskret. Analiz",
   number = "{29}",
   series = "Metody Diskret. Anal. v Teorii Kodov i Shem",
   pages = "3--10",
   month = "",
   year = 1976,
   address = "",
   organization = "",
   publisher = "",
   note = "(In Russian)",
}

@BOOK{west,
   author = "West, Douglas Brent",
   title = "Introduction to graph theory",
   volume = "",
   series = "",
   publisher = "Prentice Hall",
   address = "Upper Saddle River. NJ",
   edition = "",
   month = "",
   year = 1996,
   note = "",
}

@ARTICLE{ghbmah,
   author = {Ghebleh, Mohammad and Mahmoodian, Ebadollah S.},
   title = {On uniquely list colorable graphs},
   journal = "Ars Combin.",
   year = "",
   volume = "",
   number = "",
   pages = "",
   month = "",
   note = "(To appear)",
}

@ARTICLE{trusz,
   author = {Truszczy\'nski, M.},
   title = {Some results on uniquely colourable graphs},
   journal = "Colloquia Math. Soc. J\'anos Bolyai",
   year = "1981",
   volume = "{37}",
   number = "",
   pages = "733--746",
   month = "",
   note = "",
}

@ARTICLE{wangartzy,
   author = {Wang, C. C. and Artzy, E.},
   title = {Note on the uniquely colorable graphs},
   journal = "J. Combin. Theory, Ser. B",
   year = "1973",
   volume = "{15}",
   number = "",
   pages = "204--206",
   month = "",
   note = "",
}

@ARTICLE{thomassen,
   author = {Thomassen, Carsten},
   title = {Every planar graph is {\rm 5}--choosable},
   journal = "J. Combin. Theory, Ser. B",
   year = "1994",
   volume = "{62}",
   number = "",
   pages = "180--181",
   month = "",
   note = "",
}

@ARTICLE{thomassen_g5,
   author = {Thomassen, Carsten},
   title = {{\rm 3}--List--coloring planar graphs of girth {\rm 5}},
   journal = "J. Combin. Theory, Ser. B",
   year = "1995",
   volume = "{64}",
   number = "",
   pages = "101--107",
   month = "",
   note = "",
}

@ARTICLE{alontarsi,
   author = {Alon, Noga and Tarsi, M.},
   title = {Colorings and orientations of graphs},
   journal = "Combinatorica",
   year = "1992",
   volume = "{12}",
   number = "",
   pages = "125--134",
   month = "",
   note = "",
}

@ARTICLE{voigt,
   author = {Voigt, Margit},
   title = {List colorings of planar graphs},
   journal = "Discrete Math.",
   year = "1993",
   volume = "{120}",
   number = "",
   pages = "215--219",
   month = "",
   note = "",
}

@ARTICLE{mirzakhani,
   author = {Mirzakhani, Maryam},
   title = {A small non--{\rm 4}--choosable planar graph},
   journal = "Bull. Inst. Combin. Appl.",
   year = "1996",
   volume = "{17}",
   number = "",
   pages = "15--18",
   month = "",
   note = "",
}

@ARTICLE{largegirth,
   author = {Bollob\'as, B. and Sauer, N.},
   title = {Uniquely colorable graphs with large girth},
   journal = "Canad. J. Math.",
   year = "1976",
   volume = "{28}",
   number = "",
   pages = "1340--1344",
   month = "",
   note = "",
}

@ARTICLE{shaoji,
   author = {Xu, S. J.},
   title = {The size of uniquely colorable graphs},
   journal = "J. Combin. Theory, Ser. B",
   year = "1990",
   volume = "{50}",
   number = "",
   pages = "319--320",
   month = "",
   note = "",
}

@ARTICLE{cahit,
   author = {Cahit, Ibrahim},
   title = {H--Cordial Graphs},
   journal = "Bull. Inst. Combin. Appl.",
   year = "1996",
   volume = "{18}",
   number = "",
   pages = "87--101",
   month = "",
   note = "",
}

@ARTICLE{whitney,
   author = {Whitney, H.},
   title = {Congruent graphs and the connectivity of graphs},
   journal = "Amer. J. Math.",
   year = "1932",
   volume = "{54}",
   number = "",
   pages = "150--168",
   month = "",
   note = "",
}

@ARTICLE{LCCref,
   author = {Bollob\'as, B. and Harris, A. J.},
   title = {List colourings of graphs},
   journal = "Graphs Combin.",
   year = "1985",
   volume = "{1}",
   number = "",
   pages = "115--127",
   month = "",
   note = "",
}

@BOOK{graphcoloring,
   author = "Jensen, T. R. and Toft, B.",
   title = "Graph coloring problems",
   volume = "",
   series = "",
   publisher = "John Wiley \& Sons",
   address = "New York, NY",
   edition = "",
   month = "",
   year = 1995,
   note = "",
}

@ARTICLE{daneshgar,
   author = {Daneshgar, Amir},
   title = {On uniquely vertex colorable graphs},
   journal = "",
   year = "",
   volume = "",
   number = "",
   pages = "",
   month = "",
   note = "(Preprint)",
}

@ARTICLE{ghbkh,
   author = {Ghebleh, Mohammad and Khoeilar, Raena},
   title = {A note on ``{H}--cordial graphs''},
   journal = "",
   year = "",
   volume = "",
   number = "",
   pages = "",
   month = "",
   note = "(Submitted)",
}

@ARTICLE{egh,
   author = {Eslahchi, Changiz and Ghebleh, Mohammad and
             Hajiabolhassan, Hossein},
   title = {Some concepts in list coloring},
   journal = "",
   year = "",
   volume = "",
   number = "",
   pages = "",
   month = "",
   note = "(Submitted)",
}

@ARTICLE{gghms,
   author = {Ganjali G., Yashar and Ghebleh, Mohammad and
             Hajiabolhassan, Hossein and Mirzazadeh, Mahdi and
             Sadjad, Bashir S.},
   title = {Restricted list colorings of graphs},
   journal = "",
   year = "",
   volume = "",
   number = "",
   pages = "",
   month = "",
   note = "(Submitted)",
}

@ARTICLE{dinmar,
   author = {Dinitz, J. H. and Martin, W. J.},
   title = {The stipulation polynomial of a uniquely list--colorable graph},
   journal = "Austral. J. Combin.",
   year = "1995",
   volume = "{11}",
   number = "",
   pages = "105--115",
   month = "",
   note = "",
}

@ARTICLE{galvin,
   author = {Galvin, Fred},
   title = {The list chromatic index of a bipartite multigraph},
   journal = "J. Combin. Theory, Ser. B",
   year = "1995",
   volume = "{63}",
   number = "1",
   pages = "153--158",
   month = "",
   note = "",
}

@ARTICLE{hajos,
   author = {Haj\'os, G.},
   title = {\"{U}ber eine Konstruktion nicht $n$-f\"arbbarer Graphen},
   journal = {Wiss. Z. Martin Luther Univ. Math.-Natur. Reihe.},
   year = 1961,
   volume = "{10}",
   number = "",
   pages = "116--117",
   month = "",
   note = "",
}

@ARTICLE{gravier,
   author = {Gravier, S.},
   title = {A {H}aj\'os-like theorem for list coloring},
   journal = {Discrete Math.},
   year = 1996,
   volume = "{152}",
   number = "",
   pages = "299--302",
   month = "",
   note = "",
}

@ARTICLE{haggjans,
   author = {H\"aggkvist, Roland and Janssen, J.},
   title = {New bounds on the list-chromatic index of the complete
            graph and other simple graphs},
   journal = {Combinatorics, Probability, and Computing},
   year = 1997,
   volume = "{6}",
   number = "",
   pages = "295--313",
   month = "",
   note = "",
}

@ARTICLE{chethagg,
   author = {Chetwynd, A. and H\"aggkvist, Roland},
   title = {A note on list-colorings},
   journal = {J. Graph Theory},
   year = 1989,
   volume = "{13}",
   number = "",
   pages = "87--95",
   month = "",
   note = "",
}

@ARTICLE{boroding14,
   author = {Borodin, Oleg V.},
   title = {Generaliztion of {K}otzig's Theorem and assigned edge-colorings
            of planar graphs},
   journal = {Math. Z.},
   year = 1990,
   volume = "{48}",
   number = "",
   pages = "22--28",
   month = "",
   note = "(In Russian). Translation in {\em Math. Notes} 48:1186--1190,
           1990",
}

@ARTICLE{hmtz_defset,
   author = {Hajiabolhassan, Hossein and Mehrabadi, Mojtaba Lotfalizadeh and
             Tusserkani, Roozbeh and Zaker, Manoochehr},
   title = {A Characterization of Uniquely Vertex Colorable Graphs Using Minimal Defining Sets},
   journal = "Discrete Mathematics",
   year = "1999",
   volume = "199",
   number = "",
   pages = "233--236",
   month = "",
   note = "",
}

@INPROCEEDINGS{keedDS,
   author = {Keedwell, A. D.},
   title = {Critical sets and critical partial latin squares},
   editor = "",
   booktitle = "Graph Theory, Combinatorics, Algorithms, and Applications",
   number = "",
   series = "Proc. Third {C}hina-{USA} International Conference",
   pages = "111--124",
   month = "",
   year = 1993,
   address = "Beijing",
   organization = "",
   publisher = "World Scientific Publ. Co., Singapore, 1994",
   note = "",
}

@INPROCEEDINGS{kerman,
   author = {Mahmoodian, Ebadollah S.},
   title = {Some problems in graph colorings},
   editor = "Javadpour, S. and Radjabalipour, M.",
   booktitle = "",
   number = "",
   series = "Proc. 26th Annual Iranian Mathematics Conference",
   pages = "215--218",
   month = "",
   year = 1995,
   address = "Kerman",
   organization = "Iranian Math. Soc.",
   publisher = "University of Kerman",
   note = "",
}

@BOOK{DenKeed74,
   author = "D\'enes, J. and Keedwell, A. D.",
   title = "Latin squares and their applications",
   volume = "",
   series = "",
   publisher = "The {E}nglish Universities Press Ltd",
   address = "London",
   edition = "",
   month = "",
   year = 1974,
   note = "",
}

@BOOK{DenKeed91,
   author = "D\'enes, J. and Keedwell, A. D.",
   title = "Latin squares: new developments in the theory and applications",
   volume = "46",
   series = "Annals of Discrete Mathematics",
   publisher = "Elsevier Science Publications",
   address = "Netherlands",
   edition = "",
   month = "",
   year = 1991,
   note = "",
}

@BOOK{bipartite,
   author = {Asratian, Armen S. and Denley, Tristan M. J. and H\"aggkvist, Roland},
   title = "Bipartite graphs and their applications",
   volume = "",
   series = "",
   publisher = "Cambridge University Press",
   address = "Cambridge, UK",
   edition = "",
   month = "",
   year = 1998,
   note = "",
}

@PHDTHESIS{behzad,
   author = "Behzad, Mahdi",
   title = "Graphs and their chromatic numbers",
   school = "Michigan State University",
   year = 1965,
}

@ARTICLE{10pow26,
   author = {Molloy, Michael and Reed, Bruce},
   title = {A bound on the total chromatic number},
   journal = {Combinatorica},
   year = 1998,
   volume = "{18}",
   number = "2",
   pages = "241--280",
   month = "",
   note = "",
}

@ARTICLE{dannas,
   author = {Daneshgar, Amir and Naserasr, Reza},
   title = {On some parameters related to uniquely
            vertex--colourable graphs and defining sets},
   journal = "",
   year = "",
   volume = "",
   number = "",
   pages = "",
   month = "",
   note = "Submitted",
}
