@book {vanLintWilson,
     TITLE = {A {C}ourse in {C}ombonatorics},
    EDITOR = {J. H. van Lint and R. M. Wilson},
      NOTE = {},
 PUBLISHER = {{C}ambridge {U}niversity {P}ress},
   ADDRESS = {},
      YEAR = {1992},
     PAGES = {chapter 22},
      ISBN = {0 521 42260 4},
   MRCLASS = {},
  MRNUMBER = {},
}
@article {BateVanrees,
    AUTHOR = {J. A. Bate and G. H. J. van Rees},
     TITLE = {Minimal and near-minimal back-circulant latin squares},
   JOURNAL = {(submitted)},
  FJOURNAL = {},
    VOLUME = {},
      YEAR = {},
     PAGES = {},
      ISSN = {},
   MRCLASS = {},
  MRNUMBER = {},
}


@article {SittampalamKeedwell,
    AUTHOR = {A. G. Sittampalam  and A. D. Keedwell },
     TITLE = {Critical sets for dihedral groups},
   JOURNAL = {Ars Combin.},
  FJOURNAL = {},
    VOLUME = {59},
      YEAR = {2001},
     PAGES = {195--204},
      ISSN = {},
   MRCLASS = {},
  MRNUMBER = {},
}

@article {MR99h:05016,
    AUTHOR = {Howse, Adelle},
     TITLE = {Families of critical sets for the dihedral group},
   JOURNAL = {Util. Math.},
  FJOURNAL = {Utilitas Mathematica},
    VOLUME = {54},
      YEAR = {1998},
     PAGES = {175--191},
      ISSN = {0315-3681},
   MRCLASS = {},
  MRNUMBER = {99h:05016},
}

@article {MR1760181,
    AUTHOR = {Seberry, Jennifer and Street, Anne Penfold},
     TITLE = {Strongbox secured secret sharing schemes},
   JOURNAL = {Util. Math},
  FJOURNAL = {Utilitas Mathematica},
    VOLUME = {57},
      YEAR = {2000},
     PAGES = {147--163},
      ISSN = {0315-3681},
   MRCLASS = {94A62(05B05)},
  MRNUMBER = {1 760 81},
}
@article {Rajaii,
    AUTHOR = {Azita Rajaii},
     TITLE = {Critical sets in latin squares},
   JOURNAL = {},
  FJOURNAL = {},
    VOLUME = {},
      YEAR = {1996},
     PAGES = {},
      ISSN = {},
   MRCLASS = {},
  MRNUMBER = {},
}


@article {Cavenagh,
    AUTHOR = {Nicholas Cavenagh},
     TITLE = {The size of the smallest latin interchange in
                a back circulant latin square},
   JOURNAL = {Submitted for publication},
  FJOURNAL = {},
    VOLUME = {},
      YEAR = {},
     PAGES = {},
      ISSN = {},
   MRCLASS = {},
  MRNUMBER = {},
}

@article {Rensy,
    AUTHOR = {Rensy},
     TITLE = {A secret sharing scheme based on latin squares},
   JOURNAL = {A private communication},
  FJOURNAL = {},
    VOLUME = {},
      YEAR = {},
     PAGES = {},
      ISSN = {},
   MRCLASS = {},
  MRNUMBER = {},
}
@book {Bean22,
     TITLE = {Latin squares and their applications},
    EDITOR = {J. Denes and A. D. Keedwell},
      NOTE = {},
 PUBLISHER = {The English Universities Press Ltd London},   ADDRESS = {},
      YEAR = {1974},
     PAGES = {},
      ISSN = {},
     CODEN = {},
   MRCLASS = {},
  MRNUMBER = {},
}

@article {Bean,
    AUTHOR = {R. Bean},
     TITLE = {Critical sets in latin squares and associated stractures},
   JOURNAL = {Ph. D thesis},
  FJOURNAL = {The Univesity of Queensland},
    VOLUME = {},
      YEAR = {2001},
     PAGES = {},
      ISSN = {},
   MRCLASS = {},
  MRNUMBER = {},
}
@article {2Kh.R,
    AUTHOR = {J. A. Bate},
     TITLE = {Personal communication to {C}. {J}. {C}olbourn},
   JOURNAL = {},
  FJOURNAL = {},
    VOLUME = {},
      YEAR = {},
     PAGES = {},
      ISSN = {},
   MRCLASS = {},
  MRNUMBER = {},
}
@article {Nelder?,
    AUTHOR = {John Nelder},
     TITLE = {Privative communication to {J}. {S}eberry},
   JOURNAL = {},
  FJOURNAL = {},
    VOLUME = {},
      YEAR = {1979},
     PAGES = {},
      ISSN = {},
   MRCLASS = {},
  MRNUMBER = {},
}
%%%%%%%%%%%%%%%%%%%%%%%%%%%%%%%%%%%%%%%%%%%%%%%%%%%%%%%
@article {MR98b:05019,
    AUTHOR = {Donovan, Diane and Howse, Adelle and Adams, Peter},
     TITLE = {A discussion of {L}atin interchanges},
   JOURNAL = {J. Combin. Math. Combin. Comput.},
  FJOURNAL = {Journal of Combinatorial Mathematics and Combinatorial
              Computing},
    VOLUME = {23},
      YEAR = {1997},
     PAGES = {161--182},
      ISSN = {0835-3026},
   MRCLASS = {},
  MRNUMBER = {98b:05019},
MRREVIEWER = {Katherine Heinrich},
}
@inproceedings {CooperDonovan,
AUTHOR = {Cooper, Joan and Donovan, Diane},
TITLE = {Latin intercahnges},
BOOKTITLE = {Sixth Australasian Workshop of Combinatorial Algorithms,
Darwin, (1994)},
JOURNAL = {},
FJOURNAL = {},
VOLUME = {},
YEAR = {1994},
PAGES = {29--35 },
ISSN = {},
MRCLASS = {},
MRNUMBER = {},
}
@inproceedings {Donovan,
AUTHOR = {Donovan, Diane},
TITLE = {An update on latin intercahnges},
BOOKTITLE = {Seventh Australasian Workshop of Combinatorial
 Algorithms, Magnetic Island, (1996)},
JOURNAL = {},
FJOURNAL = {},
VOLUME = {},
YEAR = {1996},
PAGES = {30--38},
ISSN = {},
MRCLASS = {},
MRNUMBER = {},
}
@inproceedings {DonovanFuKhodkar,
AUTHOR = {Donovan,  Diane and Fu, Chin--Mei and Khodkar, Abdollah},
TITLE = {A discussion of $\rm{2}$--critical sets in Abelian \rm{2}-groups},
BOOKTITLE = {Twelth Australasian Workshop of Combinatorial Algorithms, Bandung, (2001)},
JOURNAL = {},
FJOURNAL = {},
VOLUME = {},
YEAR = {2001},
PAGES = {??},
ISSN = {},
MRCLASS = {},
MRNUMBER = {},
}
@article {MR1795340,
AUTHOR = {Donovan, Diane},
TITLE = {The completion of partial Latin squares},
JOURNAL = {Australas. J. Combin},
FJOURNAL = {},
VOLUME = {22},
YEAR = {2000},
PAGES = {247--264},
ISSN = {},
MRCLASS = {},
MRNUMBER = {},
}

@article {MR1468170,
AUTHOR = {Fu, Chin-Mei and Fu, Hung-Lin and Rodger, C. A.},
TITLE = {The minimum size of critical sets in Latin squares},
JOURNAL = {J. Statist. Plann. Inference },
FJOURNAL = {},
VOLUME = {62},
YEAR = {1997},
PAGES = {no. 2, 333--337},
ISSN = {},
MRCLASS = {},
MRNUMBER = {},
}

@article {MR1834445,
AUTHOR = {Adams, Peter and Khodkar, A.},
TITLE = {Smallest critical sets for the Latin squares of orders six and seven},
JOURNAL = {J. Combin. Math. Combin. Comput. },
FJOURNAL = {},
VOLUME = {37},
YEAR = {2001},
PAGES = { 225--237},
ISSN = {},
MRCLASS = {},
MRNUMBER = {1 834 445 05B15},
}

@article {AdamsKhodkar1,
AUTHOR = {Adams, Peter  and  Khodkar, A.},
TITLE = {Smallest weak and smallest totally weak critical sets for the
latin squares of order at most seven},
JOURNAL = {Ars Combinatoria},
FJOURNAL = {},
VOLUME = {},
YEAR = {},
PAGES = {(to appear)},
ISSN = {},
MRCLASS = {},
MRNUMBER = {},
}
@article {AdamsKhodkar2,
AUTHOR = {Adams, Peter and Khodkar, A.},
TITLE = {Smallest critical sets for the latin squares of order seven,},
JOURNAL = {(submitted)},
FJOURNAL = {},
VOLUME = {},
YEAR = {},
PAGES = {},
ISSN = {},
MRCLASS = {},
MRNUMBER = {},
}


@article {AdamsKhodkar3,
AUTHOR = {Adams, Peter and Khodkar, A.},
TITLE = {Smallest weak and totally weak critical sets for the latin squares of order  at most seven},
JOURNAL = {},
FJOURNAL = {},
VOLUME = {},
YEAR = {},
PAGES = {},
ISSN = {},
MRCLASS = {},
MRNUMBER = {},
}


@article {AdamsBeanKhodkar1,
AUTHOR = {Adams, Peter and  Bean, R. and  Khodkar, A.},
TITLE = {A census of critical sets in the Latin squares of order at most six},
JOURNAL = {(submitted)},
FJOURNAL = {},
VOLUME = {},
YEAR = {},
PAGES = {},
ISSN = {},
MRCLASS = {},
MRNUMBER = {},
}

@article {AdamsBeanKhodkar2,
AUTHOR = {Adams, Peter and Bean, R. and Khodkar, A.},
TITLE = {Disjoint critical sets in Latin squares},
JOURNAL = {(submitted)},
FJOURNAL = {},
VOLUME = {},
YEAR = {},
PAGES = {},
ISSN = {},
MRCLASS = {},
MRNUMBER = {},
}

@article {MR2001i:05041,
AUTHOR = {Johnson, Matthew and Bedford, David},
TITLE = {Weak critical sets in cyclic Latin squares},
JOURNAL = {Australas. J. Combin},
FJOURNAL = {},
VOLUME = {23},
YEAR = {2001},
PAGES = {301--316},
ISSN = {},
MRCLASS = {},
MRNUMBER = {2001i:05041 05B15 },
}

@article {AdamsKhodkar4,
AUTHOR = {Adams, Peter and  Khodkar, A.},
TITLE = {Products of weak critical sets},
JOURNAL = {},
FJOURNAL = {},
VOLUME = {},
YEAR = {},
PAGES = {},
ISSN = {},
MRCLASS = {},
MRNUMBER = {},
}

@article {DonovanGowerKhodkar,
AUTHOR = {Donovan, Diane and Gower, Rebecca and  Khodkar, Abdollah},
TITLE = {Latin interchanges and direct products},
JOURNAL = {Ars Combinatoria},
FJOURNAL = {},
VOLUME = {},
YEAR = {},
PAGES = {(to appear)},
ISSN = {},
MRCLASS = {},
MRNUMBER = {},
}
@article {DonovanMahmoodian,
AUTHOR = {Donovan, Diane and  Mahmoodian, E. S.},
TITLE = {An algorithm for writing latin squares as the sum of intercalates},
JOURNAL = {Bull. Inst. Combin. Applications},
FJOURNAL = {},
VOLUME = {},
YEAR = {},
PAGES = {(to appear) },
ISSN = {},
MRCLASS = {},
MRNUMBER = {},
}
@article {,
AUTHOR = {},
TITLE = {},
JOURNAL = {},
FJOURNAL = {},
VOLUME = {},
YEAR = {},
PAGES = {},
ISSN = {},
MRCLASS = {},
MRNUMBER = {},
}
%QQQQQQQQQQQQQQQQQQQQQQQQQQQQQQQQQQQQQQQQQQQQQQQQQQQQQQQQQQQQQQQQQQQQQQQQQ
@article {MR1821627,
AUTHOR = {Chartrand, Gary and Zhang, Ping},
TITLE = {The forcing hull number of a graph},
JOURNAL = {J. Combin. Math. Combin. Comput.},
FJOURNAL = {Journal of Combinatorial Mathematics and
Combinatorial
Computing},
VOLUME = {36},
YEAR = {2001},
PAGES = {81--94},
ISSN = {0835-3026},
MRCLASS = {05C35},
MRNUMBER = {1 821
627},
}
@article
{MR2001h:05054,
AUTHOR = {Chartrand, Gary and Harary, Frank and Zhang, Ping},
TITLE = {On the hull number of a graph},
JOURNAL = {Ars Combin.},
FJOURNAL = {Ars Combinatoria},
VOLUME = {57},
YEAR = {2000},
PAGES = {129--138},
ISSN =
{0381-7032},
CODEN = {ACOMDN},
MRCLASS = {05C35},
MRNUMBER = {2001h:05054},
}
@article {MR87h:05178,
AUTHOR = {Everett, Martin G. and Seidman, Stephen B.},
TITLE = {The hull number of a graph},
JOURNAL = {Discrete Math.},
FJOURNAL = {Discrete Mathematics},
VOLUME = {57},
YEAR = {1985},
NUMBER = {3},
PAGES = {217--223},
ISSN = {0012-365X},
CODEN = {DSMHA4},
MRCLASS = {05C99},
MRNUMBER = {87h:05178},
}
@inproceedings {MR96m:05094,
AUTHOR = {Chartrand, Gary and Harary, Frank and Schultz,
          Michelle and Wall, Curtiss E.},
TITLE = {Forced orientation numbers of a graph},
BOOKTITLE = {Proceedings of the Twenty-fifth Southeastern International
             Conference on Combinatorics, Graph Theory and Computing
             (Boca Raton, FL, 1994)},
JOURNAL = {Congr. Numer.},
FJOURNAL = {Congressus Numerantium. A Conference Journal on Numerical
            Themes},
VOLUME = {100},
YEAR = {1994},
PAGES = {183--191},
ISSN = {0384-9864},
MRCLASS = {05C20},
MRNUMBER = {96m:05094},
}
@article {MR2001a:05059,
AUTHOR = {Hajiaghaee, M. T. and Mahmoodian, E. S. and Mirrokni, V. S.
                  and Saberi, A. and Tusserkani, R.},
TITLE = {On the simultaneous edge-coloring conjecture},
JOURNAL = {Discrete Math.},
FJOURNAL = {Discrete Mathematics},
VOLUME = {216},
YEAR = {2000},
NUMBER = {1-3},
PAGES = {267--272},
ISSN = {0012-365X},
CODEN = {DSMHA4},
MRCLASS = {05C15},
MRNUMBER = {2001a:05059},
}
@article {MR2000k:05056,
AUTHOR = {Mahdian, M. and Mahmoodian, E. S. and Saberi, A. and
          Salavatipour, M. R. and Tusserkani, R.},

TITLE = {On a conjecture of {K}eedwell and the cycle double cover
         conjecture},
JOURNAL = {Discrete Math.},
FJOURNAL = {Discrete Mathematics},
VOLUME = {216},
YEAR = {2000},
NUMBER = {1-3},
PAGES = {287--292},
ISSN = {0012-365X},
CODEN = {DSMHA4},
MRCLASS = {05B15 (05C70)},
MRNUMBER = {2000k:05056},
}
@article {MR2001e:05043,
AUTHOR = {Daneshgar, Amir and Naserasr, Reza},
TITLE = {On small uniquely vertex-colourable graphs and {X}u's
   conjecture},
JOURNAL = {Discrete Math.},
FJOURNAL = {Discrete Mathematics},
VOLUME = {223},
YEAR = {2000},
NUMBER = {1-3},
PAGES = {93--108},
ISSN = {0012-365X},
CODEN = {DSMHA4},
MRCLASS = {05C15},
MRNUMBER = {2001e:05043},
}
@article {MR2000d:05040,
AUTHOR = {Daneshgar, Amir},
TITLE = {On $r$-type-constructions and $\Delta$-colour-critical graphs},
JOURNAL = {J. Combin. Math. Combin. Comput.},
FJOURNAL = {Journal of Combinatorial Mathematics and Combinatorial
           Computing},
VOLUME = {29},
YEAR = {1999},
PAGES = {183--206},
ISSN = {0835-3026},
MRCLASS = {05C15},
MRNUMBER = {2000d:05040},
MRREVIEWER = {David E. Woolbright},
}
@inproceedings {MR2000c:05062,
AUTHOR = {Daneshgar, A.},
TITLE = {Forcing structures and uniquely colorable graphs},
BOOKTITLE = {Proceedings of the 28th Annual Iranian Mathematics Conference,
             Part 1 (Tabriz, 1997)},
PAGES = {121--128},
PUBLISHER = {Tabriz Univ., Tabriz},
YEAR = {1997},
MRCLASS = {05C15},
MRNUMBER = {2000c:05062},
}
@article {MR1832463,
AUTHOR = {Ghebleh, M. and Mahmoodian, E. S.},
TITLE = {On uniquely list colorable graphs},
JOURNAL = {Ars Combin.},
FJOURNAL = {Ars Combinatoria},
VOLUME = {59},
YEAR = {2001},
PAGES = {307--318},
ISSN = {0381-7032},
CODEN = {ACOMDN},
MRCLASS = {05C15},
MRNUMBER = {1 832 463},
}

@inproceedings {MR1492638,
    AUTHOR = {Mahmoodian, E. S.},
     TITLE = {Some problems in graph colorings},
 BOOKTITLE = {Proceedings of the 26th Annual Iranian Mathematics Conference,
              Vol. 2 (Kerman, 1995)},
     PAGES = {215--218},
 PUBLISHER = {Shahid Bahonar Univ. Kerman, Kerman},
      YEAR = {1995},
   MRCLASS = {05C15},
  MRNUMBER = {1 492 638},
}

@article {MR88d:05159,
    AUTHOR = {Klein, D. J. and Randi{\'c}, M.},
     TITLE = {Innate degree of freedom of a graph},
   JOURNAL = {J. Comput. Chem.},
  FJOURNAL = {Journal of Computational Chemistry},
    VOLUME = {8},
      YEAR = {1987},
    NUMBER = {4},
     PAGES = {516--521},
      ISSN = {0192-8651},
     CODEN = {JCCHDD},
   MRCLASS = {05C99 (05C35 92A40)},
  MRNUMBER = {88d:05159},
MRREVIEWER = {N. Trinajsti{\'c}},
}
@article {MR1105504,
    AUTHOR = {Harary, Frank and Klein, Douglas J. and {\v{Z}}ivkovi{\'c},
              Tomislav P.},
     TITLE = {Graphical properties of polyhexes: perfect matching vector and
              forcing},
   JOURNAL = {J. Math. Chem.},
  FJOURNAL = {Journal of Mathematical Chemistry},
    VOLUME = {6},
      YEAR = {1991},
    NUMBER = {3},
     PAGES = {295--306},
      ISSN = {0259-9791},
     CODEN = {JMCHEG},
   MRCLASS = {92E10},
  MRNUMBER = {1 105 504},
}

@article {MR1815020,
    AUTHOR = {Johnson, Matthew and Bedford, David},
     TITLE = {Weak critical sets in cyclic {L}atin squares},
   JOURNAL = {Australas. J. Combin.},
  FJOURNAL = {The Australasian Journal of Combinatorics},
    VOLUME = {23},
      YEAR = {2001},
     PAGES = {301--316},
      ISSN = {1034-4942},
   MRCLASS = {05B15},
  MRNUMBER = {1 815 020},
}
@article {MR1815016,
    AUTHOR = {Zaker, Manouchehr},
     TITLE = {Greedy defining sets of graphs},
   JOURNAL = {Australas. J. Combin.},
  FJOURNAL = {The Australasian Journal of Combinatorics},
    VOLUME = {23},
      YEAR = {2001},
     PAGES = {231--235},
      ISSN = {1034-4942},
   MRCLASS = {05C15},
  MRNUMBER = {1 815 016},
}
@article {MR1814594,
    AUTHOR = {Akbari, S. and Maimani, H. R. and Maysoori, Ch.},
     TITLE = {Minimal defining sets for full $\rm{2}$-$(v,\rm{3},v-\rm{2})$ designs},
   JOURNAL = {Australas. J. Combin.},
  FJOURNAL = {The Australasian Journal of Combinatorics},
    VOLUME = {23},
      YEAR = {2001},
     PAGES = {5--8},
      ISSN = {1034-4942},
   MRCLASS = {05B05},
  MRNUMBER = {1 814 594},
}
@article {MR2001g:05026,
    AUTHOR = {Gower, Rebecca A. H.},
     TITLE = {Critical sets in products of {L}atin squares},
   JOURNAL = {Ars Combin.},
  FJOURNAL = {Ars Combinatoria},
    VOLUME = {55},
      YEAR = {2000},
     PAGES = {293--317},
      ISSN = {0381-7032},
     CODEN = {ACOMDN},
   MRCLASS = {05B15},
  MRNUMBER = {2001g:05026},
MRREVIEWER = {G. H. J. van Rees},
}
@article {MR2001f:05032,
    AUTHOR = {Fitina, L. F. and Seberry, Jennifer},
     TITLE = {On the spectrum of an ${F}$-square},
   JOURNAL = {Australas. J. Combin.},
  FJOURNAL = {The Australasian Journal of Combinatorics},
    VOLUME = {22},
      YEAR = {2000},
     PAGES = {81--89},
      ISSN = {1034-4942},
   MRCLASS = {05B15},
  MRNUMBER = {2001f:05032},
}
@article {MR2001f:05030,
    AUTHOR = {Bean, Richard and Donovan, Diane},
     TITLE = {Closing a gap in the spectrum of critical sets},
   JOURNAL = {Australas. J. Combin.},
  FJOURNAL = {The Australasian Journal of Combinatorics},
    VOLUME = {22},
      YEAR = {2000},
     PAGES = {191--200},
      ISSN = {1034-4942},
   MRCLASS = {05B15},
  MRNUMBER = {2001f:05030},
}
@article {MR2001c:05028,
    AUTHOR = {Bedford, David and Johnson, Matthew},
     TITLE = {Weak uniquely completable sets for finite groups},
   JOURNAL = {Bull. London Math. Soc.},
  FJOURNAL = {The Bulletin of the London Mathematical Society},
    VOLUME = {32},
      YEAR = {2000},
    NUMBER = {2},
     PAGES = {155--162},
      ISSN = {0024-6093},
     CODEN = {LMSBBT},
   MRCLASS = {05B15 (20D60)},
  MRNUMBER = {2001c:05028},
MRREVIEWER = {Jeffrey H. Dinitz},
}
@article {MR2001b:05053,
    AUTHOR = {Ramsay, Colin},
     TITLE = {On the index of simple trades},
   JOURNAL = {Australas. J. Combin.},
  FJOURNAL = {The Australasian Journal of Combinatorics},
    VOLUME = {20},
      YEAR = {1999},
     PAGES = {207--221},
      ISSN = {1034-4942},
   MRCLASS = {05B30},
  MRNUMBER = {2001b:05053},
MRREVIEWER = {R. N. Mohan},
}
@article {MR2001b:05043,
    AUTHOR = {Burgess, D. R. B.},
     TITLE = {Weakly completable sets in {L}atin squares},
   JOURNAL = {J. Combin. Math. Combin. Comput.},
  FJOURNAL = {Journal of Combinatorial Mathematics and Combinatorial
              Computing},
    VOLUME = {34},
      YEAR = {2000},
     PAGES = {65--69},
      ISSN = {0835-3026},
   MRCLASS = {05B15},
  MRNUMBER = {2001b:05043},
}
@article {MR2000m:05041,
    AUTHOR = {Donovan, Diane and Howse, Adelle},
     TITLE = {Towards the spectrum of critical sets},
   JOURNAL = {Australas. J. Combin.},
  FJOURNAL = {The Australasian Journal of Combinatorics},
    VOLUME = {21},
      YEAR = {2000},
     PAGES = {107--130},
      ISSN = {1034-4942},
   MRCLASS = {05B15},
  MRNUMBER = {2000m:05041},
}
@article {MR2000k:05054,
    AUTHOR = {Adams, Peter and Khodkar, A.},
     TITLE = {Smallest critical sets for the groups of size eight},
   JOURNAL = {J. Combin. Math. Combin. Comput.},
  FJOURNAL = {Journal of Combinatorial Mathematics and Combinatorial
              Computing},
    VOLUME = {32},
      YEAR = {2000},
     PAGES = {23--32},
      ISSN = {0835-3026},
   MRCLASS = {05B15 (20D60)},
  MRNUMBER = {2000k:05054},
}
@article {MR2000i:05034,
    AUTHOR = {Fitina, L. F. and Seberry, Jennifer and Chaudhry, Ghulam R.},
     TITLE = {Back circulant {L}atin squares and the influence of a set},
   JOURNAL = {Australas. J. Combin.},
  FJOURNAL = {The Australasian Journal of Combinatorics},
    VOLUME = {20},
      YEAR = {1999},
     PAGES = {163--180},
      ISSN = {1034-4942},
   MRCLASS = {05B15},
  MRNUMBER = {2000i:05034},
MRREVIEWER = {J. D{\'e}nes},
}
@article {MR2000i:05033,
    AUTHOR = {Chaudhry, Ghulam and Seberry, Jennifer},
     TITLE = {Influence of entries in critical sets of {R}oom squares},
   JOURNAL = {Bull. Inst. Combin. Appl.},
  FJOURNAL = {Bulletin of the Institute of Combinatorics and its
              Applications},
    VOLUME = {28},
      YEAR = {2000},
     PAGES = {67--74},
      ISSN = {1183-1278},
   MRCLASS = {05B15},
  MRNUMBER = {2000i:05033},
}
@article {MR2000h:05033,
    AUTHOR = {Grannell, M. J. and Griggs, T. S. and Wallace, J.},
     TITLE = {The smallest defining set of a {S}teiner triple system},
   JOURNAL = {Util. Math.},
  FJOURNAL = {Utilitas Mathematica},
    VOLUME = {55},
      YEAR = {1999},
     PAGES = {113--121},
      ISSN = {0315-3681},
   MRCLASS = {05B07 (20N05)},
  MRNUMBER = {2000h:05033},
MRREVIEWER = {Lucien B{\'e}n{\'e}teau},
}
@article {MR2000g:05034,
    AUTHOR = {J. A. Bate and G. H. J. van Rees},
     TITLE = {The size of the smallest strong critical set in a {L}atin
              square},
   JOURNAL = {Ars Combin.},
  FJOURNAL = {Ars Combinatoria},
    VOLUME = {53},
      YEAR = {1999},
     PAGES = {73--83},
      ISSN = {0381-7032},
     CODEN = {ACOMDN},
   MRCLASS = {05B15},
  MRNUMBER = {2000g:05034},
}
@article {MR2000f:05021,
    AUTHOR = {Gray, Brenton D.},
     TITLE = {Defining sets of projective planes and biplanes and their
              residuals},
   JOURNAL = {J. Combin. Math. Combin. Comput.},
  FJOURNAL = {Journal of Combinatorial Mathematics and Combinatorial
              Computing},
    VOLUME = {30},
      YEAR = {1999},
     PAGES = {171--193},
      ISSN = {0835-3026},
   MRCLASS = {05B25 (51E05)},
  MRNUMBER = {2000f:05021},
MRREVIEWER = {H. Lenz},
}
@article {MR2000f:05016,
    AUTHOR = {Burgess, D. R. B.},
     TITLE = {Critical sets for the quaternion group},
   JOURNAL = {Pure Math. Appl.},
  FJOURNAL = {Pure Mathematics and Applications},
    VOLUME = {9},
      YEAR = {1998},
    NUMBER = {3-4},
     PAGES = {259--264},
      ISSN = {1218-4586},
   MRCLASS = {05B15 (20D99)},
  MRNUMBER = {2000f:05016},
MRREVIEWER = {J. D{\'e}nes},
}
@article {MR2000d:05017,
    AUTHOR = {Gray, Brenton D. and Ramsay, Colin},
     TITLE = {Some results on defining sets of $t$-designs},
   JOURNAL = {Bull. Austral. Math. Soc.},
  FJOURNAL = {Bulletin of the Australian Mathematical Society},
    VOLUME = {59},
      YEAR = {1999},
    NUMBER = {2},
     PAGES = {203--215},
      ISSN = {0004-9727},
     CODEN = {ALNBAB},
   MRCLASS = {05B05},
  MRNUMBER = {2000d:05017},
MRREVIEWER = {Dinesh G. Sarvate},
}
@article {MR2000c:05029,
    AUTHOR = {Fitina, L. F. and Seberry, Jennifer and Sarvate, Dinesh},
     TITLE = {On ${F}$-squares and their critical sets},
   JOURNAL = {Australas. J. Combin.},
  FJOURNAL = {The Australasian Journal of Combinatorics},
    VOLUME = {19},
      YEAR = {1999},
     PAGES = {209--230},
      ISSN = {1034-4942},
   MRCLASS = {05B15},
  MRNUMBER = {2000c:05029},
MRREVIEWER = {J{\"o}rn Quistorff},
}
@article {MR2000b:05023,
    AUTHOR = {Mahmoodian, E. S. and Soltankhah, Nasrin and Street, Anne
              Penfold},
     TITLE = {On defining sets of directed designs},
   JOURNAL = {Australas. J. Combin.},
  FJOURNAL = {The Australasian Journal of Combinatorics},
    VOLUME = {19},
      YEAR = {1999},
     PAGES = {179--190},
      ISSN = {1034-4942},
   MRCLASS = {05B05},
  MRNUMBER = {2000b:05023},
}
@article {MR2000a:05032,
    AUTHOR = {Moran, Tony},
     TITLE = {Defining sets for $\rm{2-(19,9,4)}$ designs and a class of
              {H}adamard designs},
   JOURNAL = {Util. Math.},
  FJOURNAL = {Utilitas Mathematica},
    VOLUME = {55},
      YEAR = {1999},
     PAGES = {161--187},
      ISSN = {0315-3681},
   MRCLASS = {05B05 (05B20)},
  MRNUMBER = {2000a:05032},
}
@article {MR99k:05137,
    AUTHOR = {Hajiabolhassan, H. and Mehrabadi, M. L. and Tusserkani, R. and
              Zaker, M.},
     TITLE = {A characterization of uniquely vertex colorable graphs using
              minimal defining sets},
   JOURNAL = {Discrete Math.},
  FJOURNAL = {Discrete Mathematics},
    VOLUME = {199},
      YEAR = {1999},
    NUMBER = {1-3},
     PAGES = {233--236},
      ISSN = {0012-365X},
     CODEN = {DSMHA4},
   MRCLASS = {05C75 (05C15)},
  MRNUMBER = {99k:05137},
}
@preamble{
   "\def\cprime{$'$} "
}
@article {MR99k:05094,
    AUTHOR = {Markosyan, S. E.},
     TITLE = {Critical subgraphs and critical sets of graphs},
   JOURNAL = {Dokl. Akad. Nauk Armen.},
  FJOURNAL = {Doklady. Natsional\cprime naya Akademiya Nauk Armenii},
    VOLUME = {97},
      YEAR = {1997},
    NUMBER = {2},
     PAGES = {7--11},
      ISSN = {0321-1339},
   MRCLASS = {05C35},
  MRNUMBER = {99k:05094},
MRREVIEWER = {Serge{\u\i} L. Bezrukov},
}
@article {MR99k:05038,
    AUTHOR = {Donovan, Diane},
     TITLE = {Critical sets in {L}atin squares of order less than $\rm{11}$},
   JOURNAL = {J. Combin. Math. Combin. Comput.},
  FJOURNAL = {Journal of Combinatorial Mathematics and Combinatorial
              Computing},
    VOLUME = {29},
      YEAR = {1999},
     PAGES = {223--240},
      ISSN = {0835-3026},
   MRCLASS = {05B15},
  MRNUMBER = {99k:05038},
}
@article {MR99j:94040,
    AUTHOR = {Chaudhry, Ghulam-Rasool and Ghodosi, Hossein and Seberry,
              Jennifer},
     TITLE = {Perfect secret sharing schemes from {R}oom squares},
      NOTE = {Papers in honour of Anne Penfold Street},
   JOURNAL = {J. Combin. Math. Combin. Comput.},
  FJOURNAL = {Journal of Combinatorial Mathematics and Combinatorial
              Computing},
    VOLUME = {28},
      YEAR = {1998},
     PAGES = {55--61},
      ISSN = {0835-3026},
   MRCLASS = {94A60 (05B15)},
  MRNUMBER = {99j:94040},
}
@article {MR99j:05036,
    AUTHOR = {Keedwell, A. D.},
     TITLE = {What is the size of the smallest {L}atin square for which a
              weakly completable critical set of cells exists?},
   JOURNAL = {Ars Combin.},
  FJOURNAL = {Ars Combinatoria},
    VOLUME = {51},
      YEAR = {1999},
     PAGES = {97--104},
      ISSN = {0381-7032},
     CODEN = {ACOMDN},
   MRCLASS = {05B15},
  MRNUMBER = {99j:05036},
}
@article {MR99i:05085,
    AUTHOR = {Mahmoodian, E. S. and Mendelsohn, E.},
     TITLE = {On defining numbers of vertex colouring of regular graphs},
      NOTE = {16th British Combinatorial Conference (London, 1997)},
   JOURNAL = {Discrete Math.},
  FJOURNAL = {Discrete Mathematics},
    VOLUME = {197/198},
      YEAR = {1999},
     PAGES = {543--554},
      ISSN = {0012-365X},
     CODEN = {DSMHA4},
   MRCLASS = {05C15},
  MRNUMBER = {99i:05085},
}
@article {MR99i:05084,
    AUTHOR = {Mahmoodian, E. S.},
     TITLE = {Defining sets and uniqueness in graph colorings: a survey},
      NOTE = {R. C. Bose Memorial Conference (Fort Collins, CO, 1995)},
   JOURNAL = {J. Statist. Plann. Inference},
  FJOURNAL = {Journal of Statistical Planning and Inference},
    VOLUME = {73},
      YEAR = {1998},
    NUMBER = {1-2},
     PAGES = {85--89},
      ISSN = {0378-3758},
     CODEN = {JSPIDN},
   MRCLASS = {05C15},
  MRNUMBER = {99i:05084},
}
@article {MR99i:05039,
    AUTHOR = {Donovan, Diane and Howse, Adelle},
     TITLE = {Critical sets for {L}atin squares of order $\rm{7}$},
      NOTE = {Papers in honour of Anne Penfold Street},
   JOURNAL = {J. Combin. Math. Combin. Comput.},
  FJOURNAL = {Journal of Combinatorial Mathematics and Combinatorial
              Computing},
    VOLUME = {28},
      YEAR = {1998},
     PAGES = {113--123},
      ISSN = {0835-3026},
   MRCLASS = {05B15},
  MRNUMBER = {99i:05039},
}
@article {MR99h:05016,
    AUTHOR = {Howse, Adelle},
     TITLE = {Families of critical sets for the dihedral group},
   JOURNAL = {Util. Math.},
  FJOURNAL = {Utilitas Mathematica},
    VOLUME = {54},
      YEAR = {1998},
     PAGES = {175--191},
      ISSN = {0315-3681},
   MRCLASS = {05B15},
  MRNUMBER = {99h:05016},
}
@article {MR99f:05019,
    AUTHOR = {Khodkar, A.},
     TITLE = {On smallest critical sets for the elementary abelian
              $\rm{2}$-group},
   JOURNAL = {Util. Math.},
  FJOURNAL = {Utilitas Mathematica},
    VOLUME = {54},
      YEAR = {1998},
     PAGES = {45--50},
      ISSN = {0315-3681},
   MRCLASS = {05B15},
  MRNUMBER = {99f:05019},
}
@article {MR99e:05045,
    AUTHOR = {Dankelmann, Peter and Smithdorf, Vivienne and Swart, Henda C.},
     TITLE = {Radius-forcing sets in graphs},
   JOURNAL = {Australas. J. Combin.},
  FJOURNAL = {The Australasian Journal of Combinatorics},
    VOLUME = {17},
      YEAR = {1998},
     PAGES = {39--49},
      ISSN = {1034-4942},
   MRCLASS = {05C12},
  MRNUMBER = {99e:05045},
MRREVIEWER = {Kevin Lawrence McAvaney},
}
@inproceedings {MR99b:05053,
    AUTHOR = {Behzad, M. and Mahmoodian, E. S. and Soltankhah, N.},
     TITLE = {Defining sets in total coloring of graphs},
 BOOKTITLE = {Proceedings of the 28th Annual Iranian Mathematics Conference,
              Part 1 (Tabriz, 1997)},
     PAGES = {521--526},
 PUBLISHER = {Tabriz Univ., Tabriz},
      YEAR = {1997},
   MRCLASS = {05C15},
  MRNUMBER = {99b:05053},
}
@article {MR99b:05017,
    AUTHOR = {Delaney, Cathy and Gray, Brenton D. and Gray, Ken and
              Maenhaut, Barbara M. and Sharry, Martin J. and Street, Anne
              Penfold},
     TITLE = {Pointwise defining sets and trade cores},
   JOURNAL = {Australas. J. Combin.},
  FJOURNAL = {The Australasian Journal of Combinatorics},
    VOLUME = {16},
      YEAR = {1997},
     PAGES = {51--76},
      ISSN = {1034-4942},
   MRCLASS = {05B05},
  MRNUMBER = {99b:05017},
MRREVIEWER = {Dinesh G. Sarvate},
}
@article {MR99a:05018,
    AUTHOR = {Donovan, Diane},
     TITLE = {Critical sets for families of {L}atin squares},
   JOURNAL = {Util. Math.},
  FJOURNAL = {Utilitas Mathematica},
    VOLUME = {53},
      YEAR = {1998},
     PAGES = {3--16},
      ISSN = {0315-3681},
   MRCLASS = {05B15},
  MRNUMBER = {99a:05018},
}
@article {MR99a:05010,
    AUTHOR = {Bryant, Darryn E. and Maenhaut, Barbara M.},
     TITLE = {Defining sets of ${G}$-designs},
   JOURNAL = {Australas. J. Combin.},
  FJOURNAL = {The Australasian Journal of Combinatorics},
    VOLUME = {17},
      YEAR = {1998},
     PAGES = {257--266},
      ISSN = {1034-4942},
   MRCLASS = {05B05},
  MRNUMBER = {99a:05010},
}
@article {MR98m:05167,
    AUTHOR = {Markossian, S. and Gasparian, G. and Karapetian, I. and
              Markosian, A.},
     TITLE = {On essential components and critical sets of a graph},
   JOURNAL = {Discrete Math.},
  FJOURNAL = {Discrete Mathematics},
    VOLUME = {178},
      YEAR = {1998},
    NUMBER = {1-3},
     PAGES = {137--153},
      ISSN = {0012-365X},
     CODEN = {DSMHA4},
   MRCLASS = {05C75},
  MRNUMBER = {98m:05167},
MRREVIEWER = {Olivia M. Carducci},
}
@article {MR98m:05026,
    AUTHOR = {Howse, Adelle},
     TITLE = {Minimal critical sets for some small {L}atin squares},
   JOURNAL = {Australas. J. Combin.},
  FJOURNAL = {The Australasian Journal of Combinatorics},
    VOLUME = {17},
      YEAR = {1998},
     PAGES = {275--288},
      ISSN = {1034-4942},
   MRCLASS = {05B15},
  MRNUMBER = {98m:05026},
}
@article {MR98m:05023,
    AUTHOR = {Frisch, Sophie},
     TITLE = {On the minimal distance between group tables},
   JOURNAL = {Acta Sci. Math. (Szeged)},
  FJOURNAL = {Acta Universitatis Szegediensis. Acta Scientiarum
              Mathematicarum},
    VOLUME = {63},
      YEAR = {1997},
    NUMBER = {3-4},
     PAGES = {341--351},
      ISSN = {0001-6969},
   MRCLASS = {05B15 (20D60)},
  MRNUMBER = {98m:05023},
MRREVIEWER = {J. D{\'e}nes},
}
@article {MR98i:05041,
    AUTHOR = {Gray, Brenton D.},
     TITLE = {The maximum number of trades of volume four in a symmetric
              design},
   JOURNAL = {Util. Math.},
  FJOURNAL = {Utilitas Mathematica},
    VOLUME = {52},
      YEAR = {1997},
     PAGES = {193--203},
      ISSN = {0315-3681},
   MRCLASS = {05B30},
  MRNUMBER = {98i:05041},
}
@article {MR98i:05017,
    AUTHOR = {Ramsay, Colin},
     TITLE = {An algorithm for completing partials, with an application to
              the smallest defining sets of the  {S}{T}{S}$(\rm{15})$},
   JOURNAL = {Util. Math.},
  FJOURNAL = {Utilitas Mathematica},
    VOLUME = {52},
      YEAR = {1997},
     PAGES = {205--221},
      ISSN = {0315-3681},
   MRCLASS = {05B05},
  MRNUMBER = {98i:05017},
}
@article {MR98h:51007,
    AUTHOR = {Gower, Rebecca A. H.},
     TITLE = {Defining sets for the {S}teiner triple systems from affine
              spaces},
   JOURNAL = {J. Combin. Des.},
  FJOURNAL = {Journal of Combinatorial Designs},
    VOLUME = {5},
      YEAR = {1997},
    NUMBER = {3},
     PAGES = {155--175},
      ISSN = {1063-8539},
   MRCLASS = {51E10 (05B07)},
  MRNUMBER = {98h:51007},
MRREVIEWER = {Tam{\'a}s Sz{\H{o}}nyi},
}
@article {MR98f:05022,
    AUTHOR = {Gray, Brenton D.},
     TITLE = {Smallest defining sets of designs associated with
              {P}{G}$\rm{(d,2)}$},
   JOURNAL = {Australas. J. Combin.},
  FJOURNAL = {The Australasian Journal of Combinatorics},
    VOLUME = {16},
      YEAR = {1997},
     PAGES = {87--98},
      ISSN = {1034-4942},
   MRCLASS = {05B05 (05B30)},
  MRNUMBER = {98f:05022},
MRREVIEWER = {Esther R. Lamken},
}
@article {MR98e:05019,
    AUTHOR = {Mahmoodian, E. S. and van Rees, G. H. J.},
     TITLE = {Critical sets in back circulant {L}atin rectangles},
   JOURNAL = {Australas. J. Combin.},
  FJOURNAL = {The Australasian Journal of Combinatorics},
    VOLUME = {16},
      YEAR = {1997},
     PAGES = {45--50},
      ISSN = {1034-4942},
   MRCLASS = {05B15},
  MRNUMBER = {98e:05019},
}
@article {MR98e:05017,
    AUTHOR = {Donovan, Diane and Oates-Williams, Sheila and Praeger, Cheryl
              E.},
     TITLE = {On the distance between distinct group {L}atin squares},
   JOURNAL = {J. Combin. Des.},
  FJOURNAL = {Journal of Combinatorial Designs},
    VOLUME = {5},
      YEAR = {1997},
    NUMBER = {4},
     PAGES = {235--248},
      ISSN = {1063-8539},
   MRCLASS = {05B15},
  MRNUMBER = {98e:05017},
MRREVIEWER = {J. D{\'e}nes},
}
@article {MR98d:05036,
    AUTHOR = {Gray, Brenton D. and Hamilton, Nicholas and O'Keefe, Christine
              M.},
     TITLE = {On the size of a smallest defining set of {P}{G}$\rm{(2,q)}$},
   JOURNAL = {Bull. Inst. Combin. Appl.},
  FJOURNAL = {Bulletin of the Institute of Combinatorics and its
              Applications},
    VOLUME = {21},
      YEAR = {1997},
     PAGES = {91--94},
      ISSN = {1183-1278},
   MRCLASS = {05B25},
  MRNUMBER = {98d:05036},
}
@article {MR98d:05028,
    AUTHOR = {Ramsay, Colin},
     TITLE = {An algorithm for enumerating trades in designs, with an
              application to defining sets},
   JOURNAL = {J. Combin. Math. Combin. Comput.},
  FJOURNAL = {Journal of Combinatorial Mathematics and Combinatorial
              Computing},
    VOLUME = {24},
      YEAR = {1997},
     PAGES = {3--31},
      ISSN = {0835-3026},
   MRCLASS = {05B05},
  MRNUMBER = {98d:05028},
MRREVIEWER = {Barbu C. Kestenband},
}
% FILE 2
@article {MR98b:05044,
    AUTHOR = {Mahmoodian, E. S. and Naserasr, Reza and Zaker, Manouchehr},
     TITLE = {Defining sets in vertex colorings of graphs and {L}atin
              rectangles},
      NOTE = {15th British Combinatorial Conference (Stirling, 1995)},
   JOURNAL = {Discrete Math.},
  FJOURNAL = {Discrete Mathematics},
    VOLUME = {167/168},
      YEAR = {1997},
     PAGES = {451--460},
      ISSN = {0012-365X},
     CODEN = {DSMHA4},
   MRCLASS = {05C15 (05B15)},
  MRNUMBER = {98b:05044},
}
@article {MR98a:05030,
    AUTHOR = {Cooper, Joan and Donovan, Diane and Gower, Rebecca A. H.},
     TITLE = {Critical sets in direct products of back circulant {L}atin
              squares},
   JOURNAL = {Utilitas Math.},
  FJOURNAL = {Utilitas Mathematica. An International Journal of Discrete and
              Combinatorial Mathematics, and Statistical Design},
    VOLUME = {50},
      YEAR = {1996},
     PAGES = {127--162},
      ISSN = {0315-3681},
     CODEN = {UTMADA},
   MRCLASS = {05B15},
  MRNUMBER = {98a:05030},
MRREVIEWER = {G. H. J. van Rees},
}
@article {MR97m:05033,
    AUTHOR = {Ramsay, Colin},
     TITLE = {On a family of  {S}{T}{S}$(v)$ whose smallest defining
              sets contain at least $\rm{b/4}$ blocks},
   JOURNAL = {Bull. Inst. Combin. Appl.},
  FJOURNAL = {Bulletin of the Institute of Combinatorics and its
              Applications},
    VOLUME = {20},
      YEAR = {1997},
     PAGES = {91--94},
      ISSN = {1183-1278},
   MRCLASS = {05B07},
  MRNUMBER = {97m:05033},
}
@article {MR97m:05022,
    AUTHOR = {Khosrovshahi, G. B. and Maimani, H. R.},
     TITLE = {Smallest defining sets for $\rm{2}$-$\rm{(10,5,4)}$ designs},
   JOURNAL = {Australas. J. Combin.},
  FJOURNAL = {The Australasian Journal of Combinatorics},
    VOLUME = {15},
      YEAR = {1997},
     PAGES = {31--35},
      ISSN = {1034-4942},
   MRCLASS = {05B05},
  MRNUMBER = {97m:05022},
}
@book {MR97k:05002,
     TITLE = {15th {B}ritish {C}ombinatorial {C}onference},
    EDITOR = {Woodall, D. R. and Anderson, I. and Hirschfeld, J. W. P. and
              Sheehan, J. and Whitehead, C. A.},
      NOTE = {Selected papers from the conference held at the University of
              Stirling, Stirling, July 3--7, 1995,
              Discrete Math. {\bf 167/168} (1997)},
 PUBLISHER = {North-Holland Publishing Co.},
   ADDRESS = {Amsterdam},
      YEAR = {1997},
     PAGES = {iii--x and 1--603},
      ISSN = {0012-365X},
     CODEN = {DSMHA4},
   MRCLASS = {05-06 (00B25)},
  MRNUMBER = {97k:05002},
}
@article {MR97i:05017,
    AUTHOR = {Keedwell, A. D.},
     TITLE = {Critical sets for {L}atin squares, graphs and block designs: a
              survey},
      NOTE = {Festschrift for C. St.\ J. A. Nash-Williams},
   JOURNAL = {Congr. Numer.},
  FJOURNAL = {Congressus Numerantium. A Conference Journal on Numerical
              Themes},
    VOLUME = {113},
      YEAR = {1996},
     PAGES = {231--245},
      ISSN = {0384-9864},
   MRCLASS = {05B15 (05B05 05C35)},
  MRNUMBER = {97i:05017},
MRREVIEWER = {J. D{\'e}nes},
}
@article {MR97h:05022,
    AUTHOR = {Moran, Tony},
     TITLE = {Corrigendum:``{S}mallest defining sets for $\rm{2}$-$\rm{(9,4,3)}$ and
              $\rm{3}$-$\rm{(10,5,3)}$ designs''[{A}ustralas.\ {J}.\ {C}ombin.\ {\bf
              10} (1994), 265--288; {M}{R} 95j:05036]},
   JOURNAL = {Australas. J. Combin.},
  FJOURNAL = {The Australasian Journal of Combinatorics},
    VOLUME = {14},
      YEAR = {1996},
     PAGES = {311--312},
      ISSN = {1034-4942},
   MRCLASS = {05B05},
  MRNUMBER = {97h:05022},
}
@article {MR97g:05053,
    AUTHOR = {Bridgland, Michael F. and Jamison, Robert E. and Zito,
              Jennifer S.},
     TITLE = {The spanning trees forced by the path and the star},
   JOURNAL = {J. Graph Theory},
  FJOURNAL = {Journal of Graph Theory},
    VOLUME = {23},
      YEAR = {1996},
    NUMBER = {4},
     PAGES = {421--441},
      ISSN = {0364-9024},
     CODEN = {JGTHDO},
   MRCLASS = {05C05 (05C38 05C75)},
  MRNUMBER = {97g:05053},
MRREVIEWER = {J. W. Moon},
}
@article {MR97g:05032,
    AUTHOR = {Donovan, Diane and Cooper, Joan},
     TITLE = {Critical sets in back circulant {L}atin squares},
   JOURNAL = {Aequationes Math.},
  FJOURNAL = {Aequationes Mathematicae},
    VOLUME = {52},
      YEAR = {1996},
    NUMBER = {1-2},
     PAGES = {157--179},
      ISSN = {0001-9054},
     CODEN = {AEMABN},
   MRCLASS = {05B15},
  MRNUMBER = {97g:05032},
MRREVIEWER = {G. H. J. van Rees},
}
@article {MR97g:05021,
    AUTHOR = {Gray, Brenton D.},
     TITLE = {Defining sets of simple designs},
   JOURNAL = {Bull. Inst. Combin. Appl.},
  FJOURNAL = {Bulletin of the Institute of Combinatorics and its
              Applications},
    VOLUME = {19},
      YEAR = {1997},
     PAGES = {23--26},
      ISSN = {1183-1278},
   MRCLASS = {05B05},
  MRNUMBER = {97g:05021},
}

% FILE 3

@article {MR97f:05031,
    AUTHOR = {Keedwell, A. D.},
     TITLE = {A note on critical sets for the elementary abelian $\rm{2}$-group},
   JOURNAL = {Utilitas Math.},
  FJOURNAL = {Utilitas Mathematica. An International Journal of Discrete and
              Combinatorial Mathematics, and Statistical Design},
    VOLUME = {49},
      YEAR = {1996},
     PAGES = {69--84},
      ISSN = {0315-3681},
     CODEN = {UTMADA},
   MRCLASS = {05B15},
  MRNUMBER = {97f:05031},
MRREVIEWER = {G. H. J. van Rees},
}
@article {MR96m:05022,
    AUTHOR = {Greenhill, Catherine S. and Street, Anne Penfold},
     TITLE = {Smallest defining sets of some small $t$-designs and relations
              to the {P}etersen graph},
   JOURNAL = {Utilitas Math.},
  FJOURNAL = {Utilitas Mathematica. An International Journal of Discrete and
              Combinatorial Mathematics, and Statistical Design},
    VOLUME = {48},
      YEAR = {1995},
     PAGES = {5--31},
      ISSN = {0315-3681},
     CODEN = {UTMADA},
   MRCLASS = {05B05},
  MRNUMBER = {96m:05022},
MRREVIEWER = {Frank E. Bennett},
}
@book {MR96m:00022,
     TITLE = {\{{F}estschrift for {C}. {S}t.\ {J}. {A}. {N}ash-{W}illiams\}},
    EDITOR = {Hilton, A. J. W.},
      NOTE = {Congr. Numer. {\bf 113} (1996)},
 PUBLISHER = {Utilitas Mathematica Publishing Inc.},
   ADDRESS = {Winnipeg, MB},
      YEAR = {1996},
     PAGES = {1--272},
      ISSN = {0384-9864},
   MRCLASS = {00B30 (05-06)},
  MRNUMBER = {96m:00022},
}
@inproceedings {MR96h:05030,
    AUTHOR = {Fu, Chin-Mei and Fu, Hung-Lin and Liao, Wen-Bin},
     TITLE = {A new construction for a critical set in special {L}atin
              squares},
 BOOKTITLE = {Proceedings of the Twenty-sixth Southeastern International
              Conference on Combinatorics, Graph Theory and Computing (Boca
              Raton, FL, 1995)},
   JOURNAL = {Congr. Numer.},
  FJOURNAL = {Congressus Numerantium. A Conference Journal on Numerical
              Themes},
    VOLUME = {110},
      YEAR = {1995},
     PAGES = {161--166},
      ISSN = {0384-9864},
   MRCLASS = {05B15},
  MRNUMBER = {96h:05030},
}
@incollection {MR96h:05021,
    AUTHOR = {Street, Anne Penfold},
     TITLE = {Defining sets for block designs: an update},
 BOOKTITLE = {Combinatorics Advances (Tehran, 1994)},
     PAGES = {307--320},
 PUBLISHER = {Kluwer Acad. Publ.},
   ADDRESS = {Dordrecht},
      YEAR = {1995},
   MRCLASS = {05B05},
  MRNUMBER = {96h:05021},
}
@book {MR96f:05001,
     TITLE = {Combinatorics advances},
    EDITOR = {Colbourn, Charles J. and Mahmoodian, Ebadollah S.},
      NOTE = {Papers from the Twenty-fifth Annual Iranian Mathematics
              Conference (AIMC25) held at Sharif University of Technology,
              Tehran, March 28--31, 1994},
 PUBLISHER = {Kluwer Academic Publishers Group},
   ADDRESS = {Dordrecht},
      YEAR = {1995},
     PAGES = {xvi+324},
      ISBN = {0-7923-3574-0},
   MRCLASS = {05-06 (00B25)},
  MRNUMBER = {96f:05001},
}
@incollection {MR96a:05027,
    AUTHOR = {Keedwell, A. D.},
     TITLE = {Critical sets and critical partial {L}atin squares},
 BOOKTITLE = {Combinatorics, graph theory, algorithms and applications
              (Beijing, 1993)},
     PAGES = {111--123},
 PUBLISHER = {World Sci. Publishing},
   ADDRESS = {River Edge, NJ},
      YEAR = {1994},
   MRCLASS = {05B15},
  MRNUMBER = {96a:05027},
MRREVIEWER = {Lars D{\o}vling Andersen},
}
@article {MR95k:05030,
    AUTHOR = {Donovan, Diane and Cooper, Joan and Nott, D. J. and Seberry,
              Jennifer},
     TITLE = {Latin squares: critical sets and their lower bounds},
   JOURNAL = {Ars Combin.},
  FJOURNAL = {Ars Combinatoria},
    VOLUME = {39},
      YEAR = {1995},
     PAGES = {33--48},
      ISSN = {0381-7032},
     CODEN = {ACOMDN},
   MRCLASS = {05B15},
  MRNUMBER = {95k:05030},
}
@article {MR95k:05025,
    AUTHOR = {Khodkar, A.},
     TITLE = {Smallest defining sets for the $\rm{36}$ non-isomorphic twofold
              triple systems of order nine},
   JOURNAL = {J. Combin. Math. Combin. Comput.},
  FJOURNAL = {Journal of Combinatorial Mathematics and Combinatorial
              Computing},
    VOLUME = {17},
      YEAR = {1995},
     PAGES = {209--215},
      ISSN = {0835-3026},
   MRCLASS = {05B07},
  MRNUMBER = {95k:05025},
MRREVIEWER = {M. J. Grannell},
}
@article {MR95j:05043,
    AUTHOR = {Cooper, Joan and Donovan, Diane and Seberry, Jennifer},
     TITLE = {Secret sharing schemes arising from {L}atin squares},
   JOURNAL = {Bull. Inst. Combin. Appl.},
  FJOURNAL = {Bulletin of the Institute of Combinatorics and its
              Applications},
    VOLUME = {12},
      YEAR = {1994},
     PAGES = {33--43},
      ISSN = {1183-1278},
   MRCLASS = {05B15 (94A60)},
  MRNUMBER = {95j:05043},
MRREVIEWER = {Katherine Heinrich},
}
@article {MR95j:05036,
    AUTHOR = {Moran, Tony},
     TITLE = {Smallest defining sets for $\rm{2}$-$\rm{(9,4,3)}$
              and $\rm{3}$-$\rm{(10,5,3)}$
              designs},
   JOURNAL = {Australas. J. Combin.},
  FJOURNAL = {The Australasian Journal of Combinatorics},
    VOLUME = {10},
      YEAR = {1994},
     PAGES = {265--288},
      ISSN = {1034-4942},
   MRCLASS = {05B05},
  MRNUMBER = {95j:05036},
MRREVIEWER = {Ken Gray},
}
@proceedings {MR95j:05004,
     TITLE = {Combinatorics, graph theory, algorithms and applications},
 BOOKTITLE = {Proceedings of the Third China-USA International Conference
              held at Beijing Institute of Technology, Beijing, June 1--5,
              1993},
    EDITOR = {Alavi, Yousef and Lick, Don R. and Liu, Jiuqiang},
 PUBLISHER = {World Scientific Publishing Co. Inc.},
   ADDRESS = {River Edge, NJ},
      YEAR = {1994},
     PAGES = {xvi+450},
      ISBN = {981-02-1855-9},
   MRCLASS = {05-06 (05Cxx)},
  MRNUMBER = {95j:05004},
}
@article {MR95h:05032,
    AUTHOR = {Cooper, J. A. and McDonough, T. P. and Mavron, V. C.},
     TITLE = {Critical sets in nets and {L}atin squares},
   JOURNAL = {J. Statist. Plann. Inference},
  FJOURNAL = {Journal of Statistical Planning and Inference},
    VOLUME = {41},
      YEAR = {1994},
    NUMBER = {2},
     PAGES = {241--256},
      ISSN = {0378-3758},
     CODEN = {JSPIDN},
   MRCLASS = {05B15 (62K10)},
  MRNUMBER = {95h:05032},
MRREVIEWER = {Katherine Heinrich},
}
@inproceedings {MR95f:60012,
    AUTHOR = {Kolchin, V. F.},
     TITLE = {Random graphs and systems of linear equations in finite
              fields},
 BOOKTITLE = {Proceedings of the Fifth International Seminar on Random
              Graphs and Probabilistic Methods in Combinatorics and Computer
              Science (Pozna\'n, 1991)},
   JOURNAL = {Random Structures Algorithms},
  FJOURNAL = {Random Structures \&amp; Algorithms},
    VOLUME = {5},
      YEAR = {1994},
    NUMBER = {1},
     PAGES = {135--146},
      ISSN = {1042-9832},
   MRCLASS = {60C05 (05C80)},
  MRNUMBER = {95f:60012},
}
@incollection {MR94m:68107,
    AUTHOR = {Courcelle, Bruno},
     TITLE = {Graph grammars, monadic second-order logic and the theory of
              graph minors},
 BOOKTITLE = {Graph structure theory (Seattle, WA, 1991)},
     PAGES = {565--590},
 PUBLISHER = {Amer. Math. Soc.},
   ADDRESS = {Providence, RI},
      YEAR = {1993},
   MRCLASS = {68Q50 (03B15 03C85 05C99 68R10)},
  MRNUMBER = {94m:68107},
MRREVIEWER = {Petr K{\.u}rka},
}
@article {MR94m:05023,
    AUTHOR = {Gray, Ken and Street, Anne Penfold},
     TITLE = {The smallest defining set of the $\rm{2}$-$(\rm{15,7,3})$ design
              associated with {P}{G}$\rm{(3,2)}$: a theoretical approach},
   JOURNAL = {Bull. Inst. Combin. Appl.},
  FJOURNAL = {Bulletin of the Institute of Combinatorics and its
              Applications},
    VOLUME = {11},
      YEAR = {1994},
     PAGES = {77--83},
      ISSN = {1183-1278},
   MRCLASS = {05B05},
  MRNUMBER = {94m:05023},
}
@article {MR94k:05028,
    AUTHOR = {Sarvate, Dinesh and Seberry, Jennifer},
     TITLE = {A note on small defining sets for some
              {S}{B}{I}{B}{D}$(\rm{4t-1,2t-1,t-1})$},
   JOURNAL = {Bull. Inst. Combin. Appl.},
  FJOURNAL = {Bulletin of the Institute of Combinatorics and its
              Applications},
    VOLUME = {10},
      YEAR = {1994},
     PAGES = {26--32},
      ISSN = {1183-1278},
   MRCLASS = {05B05},
  MRNUMBER = {94k:05028},
}
@article {MR94j:05025,
    AUTHOR = {Gower, Rebecca A. H.},
     TITLE = {Minimal defining sets in a family of {S}teiner triple systems},
   JOURNAL = {Australas. J. Combin.},
  FJOURNAL = {The Australasian Journal of Combinatorics},
    VOLUME = {8},
      YEAR = {1993},
     PAGES = {55--73},
      ISSN = {1034-4942},
   MRCLASS = {05B07},
  MRNUMBER = {94j:05025},
}
@article {MR94e:05039,
    AUTHOR = {Greenhill, Catherine S.},
     TITLE = {An algorithm for finding smallest defining sets of
              $t$-designs},
   JOURNAL = {J. Combin. Math. Combin. Comput.},
  FJOURNAL = {Journal of Combinatorial Mathematics and Combinatorial
              Computing},
    VOLUME = {14},
      YEAR = {1993},
     PAGES = {39--60},
      ISSN = {0835-3026},
   MRCLASS = {05B05},
  MRNUMBER = {94e:05039},
}
@article {MR94d:05024,
    AUTHOR = {Gray, Ken and Street, Anne Penfold},
     TITLE = {Smallest defining sets of the five nonisomorphic
              ${2}$-${(15,7,3)}$ designs},
   JOURNAL = {Bull. Inst. Combin. Appl.},
  FJOURNAL = {Bulletin of the Institute of Combinatorics and its
              Applications},
    VOLUME = {9},
      YEAR = {1993},
     PAGES = {96--102},
      ISSN = {1183-1278},
   MRCLASS = {05B30},
  MRNUMBER = {94d:05024},
}
@article {MR93i:05019,
    AUTHOR = {Seberry, Jennifer},
     TITLE = {Corrigendum: ``{O}n small defining sets for some \\
              {S}{B}{I}{B}{D}$(\rm{4t-1, 2t-1, t-1})$''[{B}ull.\ {I}nst.\
              {C}ombin.\ {A}ppl.\ {\bf 4} (1992), 58--62;{M}{R} 92i:05035]},
   JOURNAL = {Bull. Inst. Combin. Appl.},
  FJOURNAL = {Bulletin of the Institute of Combinatorics and its
              Applications},
    VOLUME = {6},
      YEAR = {1992},
     PAGES = {62},
      ISSN = {1183-1278},
   MRCLASS = {05B05},
  MRNUMBER = {93i:05019},
}
@article {MR93c:05026,
    AUTHOR = {Street, Anne Penfold},
     TITLE = {Defining sets for $t$-designs and critical sets for {L}atin
              squares},
      NOTE = {New Zealand Mathematics Colloquium (Dunedin, 1991)},
   JOURNAL = {New Zealand J. Math.},
  FJOURNAL = {New Zealand Journal of Mathematics},
    VOLUME = {21},
      YEAR = {1992},
     PAGES = {133--144},
      ISSN = {1171-6096},
   MRCLASS = {05B05 (05B15)},
  MRNUMBER = {93c:05026},
MRREVIEWER = {Charles J. Colbourn},
}
@article {MR92i:05049,
    AUTHOR = {Cooper, Joan and Donovan, Diane and Seberry, Jennifer},
     TITLE = {Latin squares and critical sets of minimal size},
      NOTE = {Combinatorial mathematics and combinatorial computing
              (Palmerston North, 1990)},
   JOURNAL = {Australas. J. Combin.},
  FJOURNAL = {The Australasian Journal of Combinatorics},
    VOLUME = {4},
      YEAR = {1991},
     PAGES = {113--120},
      ISSN = {1034-4942},
   MRCLASS = {05B15},
  MRNUMBER = {92i:05049},
MRREVIEWER = {David E. Woolbright},
}
@article {MR92i:05037,
    AUTHOR = {Seberry, Jennifer},
     TITLE = {On small defining sets for some
              {S}{B}{I}{B}{D}$(\rm{4t-1,2t-1,t-1})$},
   JOURNAL = {Bull. Inst. Combin. Appl.},
  FJOURNAL = {Bulletin of the Institute of Combinatorics and its
              Applications},
    VOLUME = {4},
      YEAR = {1992},
     PAGES = {58--62},
      ISSN = {1183-1278},
   MRCLASS = {05B05},
  MRNUMBER = {92i:05037},
}
@article {MR92g:05030,
    AUTHOR = {Gray, Ken},
     TITLE = {Further results on smallest defining sets of well-known
              designs},
      NOTE = {Combinatorial mathematics and combinatorial computing, Vol.\ 1
              (Brisbane, 1989)},
   JOURNAL = {Australas. J. Combin.},
  FJOURNAL = {The Australasian Journal of Combinatorics},
    VOLUME = {1},
      YEAR = {1990},
     PAGES = {91--100},
      ISSN = {1034-4942},
   MRCLASS = {05B05},
  MRNUMBER = {92g:05030},
MRREVIEWER = {Chris Rodger},
}
@article {MR91m:05020,
    AUTHOR = {Gray, Ken},
     TITLE = {Defining sets of single-transposition-free designs},
   JOURNAL = {Utilitas Math.},
  FJOURNAL = {Utilitas Mathematica. An International Journal of Discrete and
              Combinatorial Mathematics, and Statistical Design},
    VOLUME = {38},
      YEAR = {1990},
     PAGES = {97--103},
      ISSN = {0315-3681},
     CODEN = {UTMADA},
   MRCLASS = {05B05 (51E05)},
  MRNUMBER = {91m:05020},
MRREVIEWER = {Peter B. Gibbons},
}
@article {MR91e:05016,
    AUTHOR = {Gray, Ken},
     TITLE = {On the minimum number of blocks defining a design},
   JOURNAL = {Bull. Austral. Math. Soc.},
  FJOURNAL = {Bulletin of the Australian Mathematical Society},
    VOLUME = {41},
      YEAR = {1990},
    NUMBER = {1},
     PAGES = {97--112},
      ISSN = {0004-9727},
     CODEN = {ALNBAB},
   MRCLASS = {05B05},
  MRNUMBER = {91e:05016},
MRREVIEWER = {Chris Rodger},
}
@article {MR90e:90100,
    AUTHOR = {Frank, Andr{\'a}s and Tardos, {\'E}va},
     TITLE = {Generalized polymatroids and submodular flows},
      NOTE = {Submodular optimization},
   JOURNAL = {Math. Programming},
  FJOURNAL = {Mathematical Programming},
    VOLUME = {42},
      YEAR = {1988},
    NUMBER = {3, (Ser. B)},
     PAGES = {489--563},
      ISSN = {0025-5610},
     CODEN = {MHPGA4},
   MRCLASS = {90C27 (05B35)},
  MRNUMBER = {90e:90100},
MRREVIEWER = {Ulrich Faigle},
}
@article {MR90a:52018,
    AUTHOR = {Bezrukov, S. L.},
     TITLE = {Construction of the solutions of a discrete isoperimetric
              problem in a {H}amming space},
   JOURNAL = {Mat. Sb. (N.S.)},
  FJOURNAL = {Matematicheski\u\i\ Sbornik. Novaya Seriya},
    VOLUME = {135(177)},
      YEAR = {1988},
    NUMBER = {1},
     PAGES = {80--95, 143},
      ISSN = {0368-8666},
   MRCLASS = {52A40 (05C35)},
  MRNUMBER = {90a:52018},
}
@incollection {MR85k:68035,
    AUTHOR = {Colbourn, C. J. and Colbourn, M. J. and Stinson, D. R.},
     TITLE = {The computational complexity of recognizing critical sets},
 BOOKTITLE = {Graph theory, Singapore 1983},
     PAGES = {248--253},
 PUBLISHER = {Springer},
   ADDRESS = {Berlin},
      YEAR = {1984},
   MRCLASS = {68Q15 (03B05 03D15 05B15)},
  MRNUMBER = {85k:68035},
}
@proceedings {MR85h:05003,
     TITLE = {Graph theory, {S}ingapore 1983},
 BOOKTITLE = {Proceedings of the first Southeast Asian graph theory
              colloquium held in Singapore, May 10--28, 1983},
    EDITOR = {Koh, K. M. and Yap, H. P.},
 PUBLISHER = {Springer-Verlag},
   ADDRESS = {Berlin},
      YEAR = {1984},
     PAGES = {xiii+335},
      ISBN = {3-540-13368-2},
   MRCLASS = {05-06 (05Cxx)},
  MRNUMBER = {85h:05003},
}
@article {MR85b:05030,
    AUTHOR = {Curtis, R. T.},
     TITLE = {Eight octads suffice},
   JOURNAL = {J. Combin. Theory Ser. A},
  FJOURNAL = {Journal of Combinatorial Theory. Series A},
    VOLUME = {36},
      YEAR = {1984},
    NUMBER = {1},
     PAGES = {116--123},
      ISSN = {0097-3165},
     CODEN = {JCBTA7},
   MRCLASS = {05B05 (20D08)},
  MRNUMBER = {85b:05030},
MRREVIEWER = {T. S. Griggs},
}
@inproceedings {MR84g:05036,
    AUTHOR = {Stinson, D. R. and van Rees, G. H. J.},
     TITLE = {Some large critical sets},
 BOOKTITLE = {Proceedings of the Eleventh Manitoba Conference on Numerical
              Mathematics and Computing (Winnipeg, Man., 1981)},
   JOURNAL = {Congr. Numer.},
  FJOURNAL = {Congressus Numerantium},
    VOLUME = {34},
      YEAR = {1982},
     PAGES = {441--456},
      ISSN = {0384-9864},
   MRCLASS = {05B15},
  MRNUMBER = {84g:05036},
MRREVIEWER = {Jennifer Seberry},
}
@incollection {MR84c:05018,
    AUTHOR = {Abrham, Jaromir and Kotzig, Anton},
     TITLE = {Critical perfect systems of difference sets with the minimum
              start},
 BOOKTITLE = {Combinatorial theory (Schloss Rauischholzhausen, 1982)},
     PAGES = {1--11},
 PUBLISHER = {Springer},
   ADDRESS = {Berlin},
      YEAR = {1982},
   MRCLASS = {05B10},
  MRNUMBER = {84c:05018},
MRREVIEWER = {R. C. Mullin},
}
@incollection {MR83i:05045,
    AUTHOR = {Lewin, Mordechai},
     TITLE = {On critical sets of edges in graphs},
 BOOKTITLE = {Combinatorial mathematics, VIII (Geelong, 1980)},
     PAGES = {269--271},
 PUBLISHER = {Springer},
   ADDRESS = {Berlin},
      YEAR = {1981},
   MRCLASS = {05C35 (05C70)},
  MRNUMBER = {83i:05045},
MRREVIEWER = {Donald L. Goldsmith},
}
@proceedings {MR82k:05003,
     TITLE = {Combinatorial mathematics. {V}{I}{I}{I}},
 BOOKTITLE = {Proceedings of the Eighth Australian Conference held at Deakin
              University, Geelong, August 25--29, 1980},
    EDITOR = {McAvaney, Kevin L.},
 PUBLISHER = {Springer},
   ADDRESS = {Berlin},
      YEAR = {1981},
     PAGES = {xiv+359},
      ISBN = {3-540-10883-1},
   MRCLASS = {05-06},
  MRNUMBER = {82k:05003},
}
@article {MR81h:05048,
    AUTHOR = {Fujishige, Satoru},
     TITLE = {Principal structures of submodular systems},
   JOURNAL = {Discrete Appl. Math.},
  FJOURNAL = {Discrete Applied Mathematics},
    VOLUME = {2},
      YEAR = {1980},
    NUMBER = {1},
     PAGES = {77--79},
      ISSN = {0166-218X},
     CODEN = {DAMADU},
   MRCLASS = {05B99 (06F99)},
  MRNUMBER = {81h:05048},
MRREVIEWER = {Ann Miller Millman},
}
@article {MR81d:05015,
    AUTHOR = {Smetaniuk, Bohdan},
     TITLE = {On the minimal critical set of a {L}atin square},
   JOURNAL = {Utilitas Math.},
  FJOURNAL = {Utilitas Mathematica. A Canadian Journal of Applied
              Mathematics, Computer Science, and Statistics},
    VOLUME = {16},
      YEAR = {1979},
     PAGES = {97--100},
      ISSN = {0315-3681},
     CODEN = {UTMADA},
   MRCLASS = {05B15},
  MRNUMBER = {81d:05015},
}

% FILE 4

@inproceedings {MR80j:05022,
    AUTHOR = {Curran, D. and van Rees, G. H. J.},
     TITLE = {Critical sets in {L}atin squares},
 BOOKTITLE = {Proceedings of the Eighth Manitoba Conference on Numerical
              Mathematics and Computing (Univ. Manitoba, Winnipeg, Man.,
              1978), Congress. Numer.},
     PAGES = {165--168},
 PUBLISHER = {Utilitas Math.},
   ADDRESS = {Winnipeg, Man.},
      YEAR = {1979},
   MRCLASS = {05B15},
  MRNUMBER = {80j:05022},
MRREVIEWER = {Katherine Heinrich},
}
@incollection {MR80d:82001,
    AUTHOR = {Enting, I. G.},
     TITLE = {The combinatorics of algebraic graph theory in theoretical
              physics},
 BOOKTITLE = {Combinatorial mathematics (Proc. Internat. Conf. Combinatorial
              Theory, Australian Nat. Univ., Canberra, 1977)},
     PAGES = {148--156},
 PUBLISHER = {Springer},
   ADDRESS = {Berlin},
      YEAR = {1978},
   MRCLASS = {82-02 (05C30 05C55)},
  MRNUMBER = {80d:82001},
}
@article {MR56:5337,
    AUTHOR = {Tomizawa, Nobuaki},
     TITLE = {Strongly irreducible matroids and principal partition of a
              matroid into strongly irreducible minors},
   JOURNAL = {Electron. Commun. Japan},
    VOLUME = {59},
      YEAR = {1976},
    NUMBER = {2},
     PAGES = {1--10},
   MRCLASS = {05B35},
  MRNUMBER = {56 \#5337},
MRREVIEWER = {Thomas Brylawski},
}
@article {MR44:6555,
    AUTHOR = {Zelinka, Bohdan},
     TITLE = {Groups and homogeneous graphs},
   JOURNAL = {Czechoslovak Math. J.},
    VOLUME = {21 (96)},
      YEAR = {1971},
     PAGES = {653--660},
   MRCLASS = {05.62},
  MRNUMBER = {44 \#6555},
MRREVIEWER = {J. Turner},
}
@article {MR44:3898,
    AUTHOR = {Aigner, Martin and Dowling, Thomas A.},
     TITLE = {Matching theory for combinatorial geometries},
   JOURNAL = {Trans. Amer. Math. Soc.},
    VOLUME = {158},
      YEAR = {1971},
     PAGES = {231--245},
   MRCLASS = {05.27},
  MRNUMBER = {44 \#3898},
MRREVIEWER = {R. A. Brualdi},
}
@inproceedings {MR1605114,
    AUTHOR = {Keedwell, A. D.},
     TITLE = {Critical sets for orthogonal {L}atin squares of small order},
 BOOKTITLE = {Proceedings of the Twenty-eighth Southeastern International
              Conference on Combinatorics, Graph Theory and Computing (Boca
              Raton, FL, 1997)},
   JOURNAL = {Congr. Numer.},
  FJOURNAL = {Congressus Numerantium. A Conference Journal on Numerical
              Themes},
    VOLUME = {125},
      YEAR = {1997},
     PAGES = {51--64},
      ISSN = {0384-9864},
   MRCLASS = {05B15},
  MRNUMBER = {1 605 114},
}
@article {MR1477515,
    AUTHOR = {Donovan, Diane and Hoffman, D. G.},
     TITLE = {Critical sets in a family of groups},
   JOURNAL = {Australas. J. Combin.},
  FJOURNAL = {The Australasian Journal of Combinatorics},
    VOLUME = {16},
      YEAR = {1997},
     PAGES = {21--28},
      ISSN = {1034-4942},
   MRCLASS = {05B15},
  MRNUMBER = {1 477 515},
}
@article {MR1470299,
    AUTHOR = {Mahdian, M.},
     TITLE = {The size of the minimum critical set in the ${Z}_{\rm{2}}\times
              {Z}_{\rm{2}}\times {Z}_{\rm{2}}$ {L}atin square is $\rm{25}$},
   JOURNAL = {Bull. Inst. Combin. Appl.},
  FJOURNAL = {Bulletin of the Institute of Combinatorics and its
              Applications},
    VOLUME = {21},
      YEAR = {1997},
     PAGES = {14--16},
      ISSN = {1183-1278},
   MRCLASS = {05B15},
  MRNUMBER = {1 470 299},
}
@article {MR1447290,
    AUTHOR = {Chaudhry, Ghulam R. and Seberry, Jennifer},
     TITLE = {Minimal critical set of a {R}oom square of order $\rm{7}$},
   JOURNAL = {Bull. Inst. Combin. Appl.},
  FJOURNAL = {Bulletin of the Institute of Combinatorics and its
              Applications},
    VOLUME = {20},
      YEAR = {1997},
     PAGES = {90},
      ISSN = {1183-1278},
   MRCLASS = {05B15},
  MRNUMBER = {1 447 290},
}
@article {MR1301405,
    AUTHOR = {Kunkle, Thomas and Seberry, Jennifer},
     TITLE = {A few more small defining sets for
              {S}{B}{I}{B}{D}$(\rm{4t-1,2t-1,t-1})$},
   JOURNAL = {Bull. Inst. Combin. Appl.},
  FJOURNAL = {Bulletin of the Institute of Combinatorics and its
              Applications},
    VOLUME = {12},
      YEAR = {1994},
     PAGES = {61--64},
      ISSN = {1183-1278},
   MRCLASS = {05B05},
  MRNUMBER = {1 301 405},
}
@article {Nelder77,
    AUTHOR = {J. Nelder},
     TITLE = {Critical sets in Latin squares},
   JOURNAL = {CSIRO Division of Math. and Stats, Newsletter},
  FJOURNAL = {},
    VOLUME = {38},
      YEAR = {1977},
     PAGES = {},
      ISSN = {},
   MRCLASS = {},
  MRNUMBER = {},
}
@article {MR99j:05073,
    AUTHOR = {Mahdian, M. and Mahmoodian, E. S.},
     TITLE = {A characterization of uniquely $\rm{2}$-list colorable graphs},
   JOURNAL = {Ars Combin.},
  FJOURNAL = {Ars Combinatoria},
    VOLUME = {51},
      YEAR = {1999},
     PAGES = {295--305},
      ISSN = {0381-7032},
     CODEN = {ACOMDN},
   MRCLASS = {05C15},
  MRNUMBER = {99j:05073},
}

@article {MR2000d:05037,
    AUTHOR = {Chartrand, Gary and Zhang, Ping},
     TITLE = {The forcing geodetic number of a graph},
   JOURNAL = {Discuss. Math. Graph Theory},
  FJOURNAL = {Discussiones Mathematicae. Graph Theory},
    VOLUME = {19},
      YEAR = {1999},
    NUMBER = {1},
     PAGES = {45--58},
      ISSN = {1234-3099},
   MRCLASS = {05C12 (05C38)},
  MRNUMBER = {2000d:05037},
MRREVIEWER = {Martin Knor},
}
@article {MR99c:05156,
    AUTHOR = {Pachter, Lior and Kim, Peter},
     TITLE = {Forcing matchings on square grids},
   JOURNAL = {Discrete Math.},
  FJOURNAL = {Discrete Mathematics},
    VOLUME = {190},
      YEAR = {1998},
    NUMBER = {1-3},
     PAGES = {287--294},
      ISSN = {0012-365X},
     CODEN = {DSMHA4},
   MRCLASS = {05C70},
  MRNUMBER = {99c:05156},
}


@article {MR99c:05083,
    AUTHOR = {Pascovici, Dana},
     TITLE = {On the forced unilateral orientation number of a graph},
   JOURNAL = {Discrete Math.},
  FJOURNAL = {Discrete Mathematics},
    VOLUME = {187},
      YEAR = {1998},
    NUMBER = {1-3},
     PAGES = {171--183},
      ISSN = {0012-365X},
     CODEN = {DSMHA4},
   MRCLASS = {05C20},
  MRNUMBER = {99c:05083},
MRREVIEWER = {Zhibo Chen},
}
@article {MR98f:05083,
    AUTHOR = {Chartrand, Gary and Gavlas, Heather and Vandell, Robert C. and
              Harary, Frank},
     TITLE = {The forcing domination number of a graph},
   JOURNAL = {J. Combin. Math. Combin. Comput.},
  FJOURNAL = {Journal of Combinatorial Mathematics and Combinatorial
              Computing},
    VOLUME = {25},
      YEAR = {1997},
     PAGES = {161--174},
      ISSN = {0835-3026},
   MRCLASS = {05C35},
  MRNUMBER = {98f:05083},
}


@inproceedings {MR94b:05193,
    AUTHOR = {Harary, Frank},
     TITLE = {Three new directions in graph theory},
 BOOKTITLE = {Proceedings of the First Estonian Conference on Graphs and
              Applications (Tartu-K\"a\"ariku, 1991)},
     PAGES = {15--19},
 PUBLISHER = {Tartu Univ.},
   ADDRESS = {Tartu},
      YEAR = {1993},
   MRCLASS = {05C99},
  MRNUMBER = {94b:05193},
}
@article {MR1740669,
    AUTHOR = {Mahdian, M. and Mahmoodian, E. S.},
     TITLE = {The roots of an {I}{M}{O}97 problem},
   JOURNAL = {Bull. Inst. Combin. Appl.},
  FJOURNAL = {Bulletin of the Institute of Combinatorics and its
              Applications},
    VOLUME = {28},
      YEAR = {2000},
     PAGES = {48--54},
      ISSN = {1183-1278},
   MRCLASS = {05C15 (05B15)},
  MRNUMBER = {1 740 669},
}
@article {BeanMahmoodian,
    AUTHOR = {Richard Bean and  E. S. Mahmoodian},
     TITLE = {A new bound on the size of the largest critical set in a Latin square},
   JOURNAL = {Discrete Math.},
  FJOURNAL = {},
    VOLUME = {to appear},
      YEAR = {},
     PAGES = {},
      ISSN = {},
   MRCLASS = {},
  MRNUMBER = {},
}
@article {PritikinMorrel,
    AUTHOR = {T. Morrill and D. Pritikin},
     TITLE = {Defining sets and list-defining sets in graphs},
   JOURNAL = {Preprint},
  FJOURNAL = {},
    VOLUME = {},
      YEAR = {1997},
     PAGES = {},
      ISSN = {},
   MRCLASS = {},
  MRNUMBER = {},
}
@article {PachtersThesis,
    AUTHOR = {L. Pachter },
     TITLE = {Domino tiling, gene recognition, and mice},
   JOURNAL = {Ph. D. thesis},
  FJOURNAL = {},
    VOLUME = {},
      YEAR = {1999},
     PAGES = {104-112},
      ISSN = {},
   MRCLASS = {},
  MRNUMBER = {},
}
@article {Riddle,
    AUTHOR = {Riddle, M. E.},
     TITLE = {The minimum forcing number for the torus and hypercube},
   JOURNAL = {preprint},
  FJOURNAL = {},
    VOLUME = {},
      YEAR = {},
     PAGES = {},
      ISSN = {},
   MRCLASS = {},
  MRNUMBER = {},
}
@article {SajjadEtc.,
    AUTHOR = {Y. G. Ganjali and M. Ghebleh and H. Hajiabolhassan M. Mirzazadeh B. S. Sadjad},
     TITLE = {Uniquely 2-list colorable graphs},
   JOURNAL = {Discrete Appl. Math.},
  FJOURNAL = {Discrete Applied Mathematics},
    VOLUME = {},
      YEAR = {2000},
     PAGES = {},
      ISSN = {},
   MRCLASS = {},
  MRNUMBER = {},
}
@article {SoltankhahOmoomiMahmoodian,
    AUTHOR = {N. Soltankhah and B. Omoomi and E. S. Mahmoodian},
     TITLE = {On the defining number of r-regular k-chromatic graphs},
   JOURNAL = {Submitted},
  FJOURNAL = {},
    VOLUME = {},
      YEAR = {},
     PAGES = {},
      ISSN = {},
   MRCLASS = {},
  MRNUMBER = {},
}
@article {SoltankhahOmoomi,
    AUTHOR = {N. Soltankhah and B. Omoomi},
     TITLE = {Defining numbers of some regular graphs},
   JOURNAL = {Submitted},
  FJOURNAL = {},
    VOLUME = {},
      YEAR = {},
     PAGES = {},
      ISSN = {},
   MRCLASS = {},
  MRNUMBER = {},
}
@article {SoltankhahOmoomi2,
    AUTHOR = {B. Omoomi},
     TITLE = {New bound for defining  numbers of regular graphs},
   JOURNAL = {Submitted},
  FJOURNAL = {},
    VOLUME = {},
      YEAR = {},
     PAGES = {},
      ISSN = {},
   MRCLASS = {},
  MRNUMBER = {},
}
@article {StopSign,
    AUTHOR = {Lam, Fumei and Pachter, Lior},
     TITLE = {Forcing numbers for stop signs},
   JOURNAL = {preprint},
  FJOURNAL = {},
    VOLUME = {},
      YEAR = {},
     PAGES = {},
      ISSN = {},
   MRCLASS = {},
  MRNUMBER = {},
}
@article {Street-Anne-Penfold(CRC-HANDBOOK),
    AUTHOR = {Street, Anne Penfold(CRC HANDBOOK)},
     TITLE = {},
   JOURNAL = {},
  FJOURNAL = {},
    VOLUME = {},
      YEAR = {},
     PAGES = {},
      ISSN = {},
   MRCLASS = {},
  MRNUMBER = {},
}
@article{ZakerFF,
    AUTHOR = {Manouchehr Zaker},
     TITLE = {Greedy defining sets of graphs},
   JOURNAL = {Australas. J. Combin},
  FJOURNAL = {The australasian journal of combinatorics},
    VOLUME = {23},
      YEAR = {2001},
     PAGES = {231-235},
      ISSN = {1034-4942},
   MRCLASS = {},
  MRNUMBER = {},
}
@article {FarzadMahdianMahmoodianetal,
    AUTHOR = {B. Farzad and M. Mahdian and E. S. Mahmoodian and
    A. Saberi and B. Sadri},
     TITLE = {Forced oreintation of graphs },
   JOURNAL = {submitted },
  FJOURNAL = {},
    VOLUME = {},
      YEAR = {},
     PAGES = {},
      ISSN = {},
   MRCLASS = {},
  MRNUMBER = {},
}
@inproceedings {Klein-PM-[10],
    AUTHOR = {D. J. Klein and M. Randic },
     TITLE ={Kekule valence structures revisited},
BOOKTITLE = {Innate degrees of freedom of $\pi$-electron couplings
             in mathematical and computational concepts in chemistry },
    EDITOR =  {N. Trinasjstic},
     PAGES =  {},
 PUBLISHER =  {Wiley ,New York},
      YEAR = {1986},
   MRCLASS = {},
  MRNUMBER = {},
}
@article {Klein-PM-[8],
    AUTHOR = {F. Harary and D. J. Klein and T. P. Zivkovic },
     TITLE = {Graphical properties of polyhexes:Perfect matching vector
     and forcing},
   JOURNAL = {J. Math. Chem.},
  FJOURNAL = {Journal of Mathematical Chemistry},
    VOLUME = {},
      YEAR = {1991},
     PAGES = {6:295-306},
      ISSN = {},
   MRCLASS = {},
  MRNUMBER = {},
}
@article {MahmoodianOmoomiPeng,
    AUTHOR = {E. S. Mahmoodian and B. Omoomi and Y. h. Peng},
     TITLE = {The defining numbers of cartesian product of cycles},
   JOURNAL = {},
  FJOURNAL = {},
    VOLUME = {},
      YEAR = {},
     PAGES = {},
      ISSN = {},
   MRCLASS = {},
  MRNUMBER = {},
}
@article {MahmoodianSoltankhah,
    AUTHOR = {E. S. Mahmoodian and Nasrin Soltankhah},
     TITLE = {on defining numbers of $k$-regular $k$-chromatic graphs},
   JOURNAL = {submitted},
  FJOURNAL = {},
    VOLUME = {},
      YEAR = {},
     PAGES = {},
      ISSN = {},
   MRCLASS = {},
  MRNUMBER = {},
}
@inproceedings {NaserarMahmoodianMahdianHarary,
    AUTHOR = {Naserasr, R. and  Mahmoodian, E. S. and
              Mahdian, M. and Harary, F.},
     TITLE = {On defining sets of vertex coloring of the cartesian
              product of a cycle with a complete graph},
BOOKTITLE = {Combinatorics, Graph Theory and Algorithms,
             Conference on Combinatorics, Graph Theory and Algorithms,
             (Western Michigan University, 1996)},
    EDITOR =  {Alavi, Y. and  Lick, D. R. and Schwenk, A.},
     PAGES = {???--???},
 PUBLISHER = {New Issues Press, Kalamazoo, Mi. USA},
      YEAR = {1999},
   MRCLASS = {},
  MRNUMBER = {},
}
@article {AdamsMahdianMahmoodian,
    AUTHOR = {Adams, Peter and Mahdian, Mohammad and
           Mahmoodian, E. S.},
     TITLE = {On the forced matching number of  graphs},
   JOURNAL = {preprint},
  FJOURNAL = {},
    VOLUME = {},
      YEAR = {},
     PAGES = {},
      ISSN = {},
   MRCLASS = {},
  MRNUMBER = {},
}
